timestamp;buyer;seller;symbol;currency;price;quantity
1700;;;GALAXY_SOUNDS_BLACK_HOLES;XIRECS;9969.0;4
1700;;;GALAXY_SOUNDS_DARK_MATTER;XIRECS;9977.0;4
1700;;;GALAXY_SOUNDS_PLANETARY_RINGS;XIRECS;9957.0;4
1700;;;GALAXY_SOUNDS_SOLAR_FLAMES;XIRECS;9976.0;4
1700;;;GALAXY_SOUNDS_SOLAR_WINDS;XIRECS;10084.0;4
1700;;;OXYGEN_SHAKE_CHOCOLATE;XIRECS;10093.0;4
1700;;;OXYGEN_SHAKE_EVENING_BREATH;XIRECS;9994.0;4
1700;;;OXYGEN_SHAKE_GARLIC;XIRECS;9949.0;4
1700;;;OXYGEN_SHAKE_MINT;XIRECS;10019.0;4
1700;;;OXYGEN_SHAKE_MORNING_BREATH;XIRECS;9949.0;4
1700;;;PANEL_1X2;XIRECS;10018.0;4
1700;;;PANEL_1X4;XIRECS;9926.0;4
1700;;;PANEL_2X2;XIRECS;9934.0;4
1700;;;PANEL_2X4;XIRECS;10013.0;4
1700;;;PANEL_4X4;XIRECS;10003.0;4
1700;;;ROBOT_DISHES;XIRECS;9983.0;4
1700;;;ROBOT_IRONING;XIRECS;9986.0;4
1700;;;ROBOT_LAUNDRY;XIRECS;10053.0;4
1700;;;ROBOT_MOPPING;XIRECS;10036.0;4
1700;;;ROBOT_VACUUMING;XIRECS;9993.0;4
1700;;;SLEEP_POD_COTTON;XIRECS;10033.0;4
1700;;;SLEEP_POD_LAMB_WOOL;XIRECS;9942.0;4
1700;;;SLEEP_POD_NYLON;XIRECS;9987.0;4
1700;;;SLEEP_POD_POLYESTER;XIRECS;9960.0;4
1700;;;SLEEP_POD_SUEDE;XIRECS;9978.0;4
1700;;;SNACKPACK_CHOCOLATE;XIRECS;10005.0;4
1700;;;SNACKPACK_PISTACHIO;XIRECS;9976.0;4
1700;;;SNACKPACK_RASPBERRY;XIRECS;10017.0;4
1700;;;SNACKPACK_STRAWBERRY;XIRECS;9954.0;4
1700;;;SNACKPACK_VANILLA;XIRECS;9987.0;4
1700;;;TRANSLATOR_ASTRO_BLACK;XIRECS;9947.0;4
1700;;;TRANSLATOR_ECLIPSE_CHARCOAL;XIRECS;9991.0;4
1700;;;TRANSLATOR_GRAPHITE_MIST;XIRECS;10003.0;4
1700;;;TRANSLATOR_SPACE_GRAY;XIRECS;10011.0;4
1700;;;TRANSLATOR_VOID_BLUE;XIRECS;9990.0;4
1700;;;UV_VISOR_AMBER;XIRECS;10011.0;4
1700;;;UV_VISOR_MAGENTA;XIRECS;10021.0;4
1700;;;UV_VISOR_ORANGE;XIRECS;10016.0;4
1700;;;UV_VISOR_RED;XIRECS;9973.0;4
1700;;;UV_VISOR_YELLOW;XIRECS;9934.0;4
4500;;;PEBBLES_L;XIRECS;9854.0;3
4500;;;PEBBLES_M;XIRECS;10007.0;3
4500;;;PEBBLES_S;XIRECS;10178.0;3
4500;;;PEBBLES_XL;XIRECS;10076.0;3
4500;;;PEBBLES_XS;XIRECS;9918.0;3
5700;;;MICROCHIP_CIRCLE;XIRECS;10036.0;1
5700;;;MICROCHIP_OVAL;XIRECS;9969.0;1
5700;;;MICROCHIP_RECTANGLE;XIRECS;9999.0;1
5700;;;MICROCHIP_SQUARE;XIRECS;9998.0;1
5700;;;MICROCHIP_TRIANGLE;XIRECS;9985.0;1
9000;;;MICROCHIP_CIRCLE;XIRECS;10034.0;1
9000;;;MICROCHIP_OVAL;XIRECS;9877.0;1
9000;;;MICROCHIP_RECTANGLE;XIRECS;10014.0;1
9000;;;MICROCHIP_SQUARE;XIRECS;10016.0;1
9000;;;MICROCHIP_TRIANGLE;XIRECS;9991.0;1
10100;;;PEBBLES_L;XIRECS;9964.0;4
10100;;;PEBBLES_M;XIRECS;9971.0;4
10100;;;PEBBLES_S;XIRECS;10338.0;4
10100;;;PEBBLES_XL;XIRECS;9649.0;4
10100;;;PEBBLES_XS;XIRECS;10110.0;4
14500;;;GALAXY_SOUNDS_BLACK_HOLES;XIRECS;9749.0;1
14500;;;GALAXY_SOUNDS_DARK_MATTER;XIRECS;9831.0;1
14500;;;GALAXY_SOUNDS_PLANETARY_RINGS;XIRECS;10069.0;1
14500;;;GALAXY_SOUNDS_SOLAR_FLAMES;XIRECS;10004.0;1
14500;;;GALAXY_SOUNDS_SOLAR_WINDS;XIRECS;9926.0;1
14500;;;OXYGEN_SHAKE_CHOCOLATE;XIRECS;10006.0;1
14500;;;OXYGEN_SHAKE_EVENING_BREATH;XIRECS;9946.0;1
14500;;;OXYGEN_SHAKE_GARLIC;XIRECS;9892.0;1
14500;;;OXYGEN_SHAKE_MINT;XIRECS;9955.0;1
14500;;;OXYGEN_SHAKE_MORNING_BREATH;XIRECS;10001.0;1
14500;;;PANEL_1X2;XIRECS;10008.0;1
14500;;;PANEL_1X4;XIRECS;10003.0;1
14500;;;PANEL_2X2;XIRECS;9708.0;1
14500;;;PANEL_2X4;XIRECS;10162.0;1
14500;;;PANEL_4X4;XIRECS;10077.0;1
14500;;;ROBOT_DISHES;XIRECS;9894.0;1
14500;;;ROBOT_IRONING;XIRECS;9934.0;1
14500;;;ROBOT_LAUNDRY;XIRECS;10046.0;1
14500;;;ROBOT_MOPPING;XIRECS;10259.0;1
14500;;;ROBOT_VACUUMING;XIRECS;9846.0;1
14500;;;SLEEP_POD_COTTON;XIRECS;9993.0;1
14500;;;SLEEP_POD_LAMB_WOOL;XIRECS;10079.0;1
14500;;;SLEEP_POD_NYLON;XIRECS;10034.0;1
14500;;;SLEEP_POD_POLYESTER;XIRECS;9858.0;1
14500;;;SLEEP_POD_SUEDE;XIRECS;10048.0;1
14500;;;SNACKPACK_CHOCOLATE;XIRECS;10038.0;1
14500;;;SNACKPACK_PISTACHIO;XIRECS;10009.0;1
14500;;;SNACKPACK_RASPBERRY;XIRECS;10005.0;1
14500;;;SNACKPACK_STRAWBERRY;XIRECS;10040.0;1
14500;;;SNACKPACK_VANILLA;XIRECS;10017.0;1
14500;;;TRANSLATOR_ASTRO_BLACK;XIRECS;9982.0;1
14500;;;TRANSLATOR_ECLIPSE_CHARCOAL;XIRECS;10022.0;1
14500;;;TRANSLATOR_GRAPHITE_MIST;XIRECS;9906.0;1
14500;;;TRANSLATOR_SPACE_GRAY;XIRECS;9883.0;1
14500;;;TRANSLATOR_VOID_BLUE;XIRECS;10063.0;1
14500;;;UV_VISOR_AMBER;XIRECS;9801.0;1
14500;;;UV_VISOR_MAGENTA;XIRECS;10003.0;1
14500;;;UV_VISOR_ORANGE;XIRECS;10183.0;1
14500;;;UV_VISOR_RED;XIRECS;10162.0;1
14500;;;UV_VISOR_YELLOW;XIRECS;10003.0;1
15100;;;GALAXY_SOUNDS_BLACK_HOLES;XIRECS;9764.0;2
15100;;;GALAXY_SOUNDS_DARK_MATTER;XIRECS;9851.0;2
15100;;;GALAXY_SOUNDS_PLANETARY_RINGS;XIRECS;10105.0;2
15100;;;GALAXY_SOUNDS_SOLAR_FLAMES;XIRECS;9988.0;2
15100;;;GALAXY_SOUNDS_SOLAR_WINDS;XIRECS;9936.0;2
15100;;;OXYGEN_SHAKE_CHOCOLATE;XIRECS;10006.0;2
15100;;;OXYGEN_SHAKE_EVENING_BREATH;XIRECS;9936.0;2
15100;;;OXYGEN_SHAKE_GARLIC;XIRECS;9922.0;2
15100;;;OXYGEN_SHAKE_MINT;XIRECS;9984.0;2
15100;;;OXYGEN_SHAKE_MORNING_BREATH;XIRECS;10009.0;2
15100;;;PANEL_1X2;XIRECS;9982.0;2
15100;;;PANEL_1X4;XIRECS;10022.0;2
15100;;;PANEL_2X2;XIRECS;9753.0;2
15100;;;PANEL_2X4;XIRECS;10196.0;2
15100;;;PANEL_4X4;XIRECS;10053.0;2
15100;;;ROBOT_DISHES;XIRECS;9901.0;2
15100;;;ROBOT_IRONING;XIRECS;9904.0;2
15100;;;ROBOT_LAUNDRY;XIRECS;10020.0;2
15100;;;ROBOT_MOPPING;XIRECS;10285.0;2
15100;;;ROBOT_VACUUMING;XIRECS;9846.0;2
15100;;;SLEEP_POD_COTTON;XIRECS;9999.0;2
15100;;;SLEEP_POD_LAMB_WOOL;XIRECS;10013.0;2
15100;;;SLEEP_POD_NYLON;XIRECS;10065.0;2
15100;;;SLEEP_POD_POLYESTER;XIRECS;9847.0;2
15100;;;SLEEP_POD_SUEDE;XIRECS;10012.0;2
15100;;;SNACKPACK_CHOCOLATE;XIRECS;10039.0;2
15100;;;SNACKPACK_PISTACHIO;XIRECS;9987.0;2
15100;;;SNACKPACK_RASPBERRY;XIRECS;10023.0;2
15100;;;SNACKPACK_STRAWBERRY;XIRECS;10023.0;2
15100;;;SNACKPACK_VANILLA;XIRECS;10016.0;2
15100;;;TRANSLATOR_ASTRO_BLACK;XIRECS;10022.0;2
15100;;;TRANSLATOR_ECLIPSE_CHARCOAL;XIRECS;10007.0;2
15100;;;TRANSLATOR_GRAPHITE_MIST;XIRECS;9901.0;2
15100;;;TRANSLATOR_SPACE_GRAY;XIRECS;9886.0;2
15100;;;TRANSLATOR_VOID_BLUE;XIRECS;10079.0;2
15100;;;UV_VISOR_AMBER;XIRECS;9798.0;2
15100;;;UV_VISOR_MAGENTA;XIRECS;10038.0;2
15100;;;UV_VISOR_ORANGE;XIRECS;10193.0;2
15100;;;UV_VISOR_RED;XIRECS;10178.0;2
15100;;;UV_VISOR_YELLOW;XIRECS;9985.0;2
15300;;;PEBBLES_L;XIRECS;10287.0;4
15300;;;PEBBLES_M;XIRECS;9858.0;4
15300;;;PEBBLES_S;XIRECS;10317.0;4
15300;;;PEBBLES_XL;XIRECS;9511.0;4
15300;;;PEBBLES_XS;XIRECS;10059.0;4
15700;;;PEBBLES_L;XIRECS;10272.0;5
15700;;;PEBBLES_M;XIRECS;9843.0;5
15700;;;PEBBLES_S;XIRECS;10289.0;5
15700;;;PEBBLES_XL;XIRECS;9500.0;5
15700;;;PEBBLES_XS;XIRECS;10063.0;5
15900;;;PEBBLES_L;XIRECS;10277.0;4
15900;;;PEBBLES_M;XIRECS;9875.0;4
15900;;;PEBBLES_S;XIRECS;10296.0;4
15900;;;PEBBLES_XL;XIRECS;9446.0;4
15900;;;PEBBLES_XS;XIRECS;10073.0;4
17500;;;PEBBLES_L;XIRECS;10315.0;4
17500;;;PEBBLES_M;XIRECS;9873.0;4
17500;;;PEBBLES_S;XIRECS;10320.0;4
17500;;;PEBBLES_XL;XIRECS;9437.0;4
17500;;;PEBBLES_XS;XIRECS;10087.0;4
18900;;;MICROCHIP_CIRCLE;XIRECS;9743.0;1
18900;;;MICROCHIP_OVAL;XIRECS;9797.0;1
18900;;;MICROCHIP_RECTANGLE;XIRECS;10010.0;1
18900;;;MICROCHIP_SQUARE;XIRECS;10067.0;1
18900;;;MICROCHIP_TRIANGLE;XIRECS;9965.0;1
19700;;;MICROCHIP_CIRCLE;XIRECS;9731.0;1
19700;;;MICROCHIP_OVAL;XIRECS;9812.0;1
19700;;;MICROCHIP_RECTANGLE;XIRECS;10049.0;1
19700;;;MICROCHIP_SQUARE;XIRECS;10066.0;1
19700;;;MICROCHIP_TRIANGLE;XIRECS;9963.0;1
20100;;;PEBBLES_L;XIRECS;10401.0;2
20100;;;PEBBLES_M;XIRECS;9700.0;2
20100;;;PEBBLES_S;XIRECS;10398.0;2
20100;;;PEBBLES_XL;XIRECS;9320.0;2
20100;;;PEBBLES_XS;XIRECS;10149.0;2
23300;;;PEBBLES_L;XIRECS;10291.0;3
23300;;;PEBBLES_M;XIRECS;9688.0;3
23300;;;PEBBLES_S;XIRECS;10389.0;3
23300;;;PEBBLES_XL;XIRECS;9466.0;3
23300;;;PEBBLES_XS;XIRECS;10198.0;3
24500;;;PEBBLES_L;XIRECS;10232.0;5
24500;;;PEBBLES_M;XIRECS;9666.0;5
24500;;;PEBBLES_S;XIRECS;10375.0;5
24500;;;PEBBLES_XL;XIRECS;9622.0;5
24500;;;PEBBLES_XS;XIRECS;10137.0;5
25000;;;PEBBLES_L;XIRECS;10222.0;2
25000;;;PEBBLES_M;XIRECS;9662.0;2
25000;;;PEBBLES_S;XIRECS;10380.0;2
25000;;;PEBBLES_XL;XIRECS;9596.0;2
25000;;;PEBBLES_XS;XIRECS;10108.0;2
26500;;;GALAXY_SOUNDS_BLACK_HOLES;XIRECS;9656.0;4
26500;;;GALAXY_SOUNDS_DARK_MATTER;XIRECS;9918.0;4
26500;;;GALAXY_SOUNDS_PLANETARY_RINGS;XIRECS;10185.0;4
26500;;;GALAXY_SOUNDS_SOLAR_FLAMES;XIRECS;9996.0;4
26500;;;GALAXY_SOUNDS_SOLAR_WINDS;XIRECS;9924.0;4
26500;;;OXYGEN_SHAKE_CHOCOLATE;XIRECS;9806.0;4
26500;;;OXYGEN_SHAKE_EVENING_BREATH;XIRECS;10207.0;4
26500;;;OXYGEN_SHAKE_GARLIC;XIRECS;9984.0;4
26500;;;OXYGEN_SHAKE_MINT;XIRECS;9885.0;4
26500;;;OXYGEN_SHAKE_MORNING_BREATH;XIRECS;10111.0;4
26500;;;PANEL_1X2;XIRECS;10102.0;4
26500;;;PANEL_1X4;XIRECS;9971.0;4
26500;;;PANEL_2X2;XIRECS;9827.0;4
26500;;;PANEL_2X4;XIRECS;10344.0;4
26500;;;PANEL_4X4;XIRECS;10121.0;4
26500;;;ROBOT_DISHES;XIRECS;9893.0;4
26500;;;ROBOT_IRONING;XIRECS;10004.0;4
26500;;;ROBOT_LAUNDRY;XIRECS;9951.0;4
26500;;;ROBOT_MOPPING;XIRECS;10141.0;4
26500;;;ROBOT_VACUUMING;XIRECS;9858.0;4
26500;;;SLEEP_POD_COTTON;XIRECS;10034.0;4
26500;;;SLEEP_POD_LAMB_WOOL;XIRECS;10118.0;4
26500;;;SLEEP_POD_NYLON;XIRECS;10025.0;4
26500;;;SLEEP_POD_POLYESTER;XIRECS;9850.0;4
26500;;;SLEEP_POD_SUEDE;XIRECS;10197.0;4
26500;;;SNACKPACK_CHOCOLATE;XIRECS;10047.0;4
26500;;;SNACKPACK_PISTACHIO;XIRECS;10032.0;4
26500;;;SNACKPACK_RASPBERRY;XIRECS;9933.0;4
26500;;;SNACKPACK_STRAWBERRY;XIRECS;10110.0;4
26500;;;SNACKPACK_VANILLA;XIRECS;9990.0;4
26500;;;TRANSLATOR_ASTRO_BLACK;XIRECS;10055.0;4
26500;;;TRANSLATOR_ECLIPSE_CHARCOAL;XIRECS;9924.0;4
26500;;;TRANSLATOR_GRAPHITE_MIST;XIRECS;9832.0;4
26500;;;TRANSLATOR_SPACE_GRAY;XIRECS;10065.0;4
26500;;;TRANSLATOR_VOID_BLUE;XIRECS;9992.0;4
26500;;;UV_VISOR_AMBER;XIRECS;9925.0;4
26500;;;UV_VISOR_MAGENTA;XIRECS;10125.0;4
26500;;;UV_VISOR_ORANGE;XIRECS;10096.0;4
26500;;;UV_VISOR_RED;XIRECS;10064.0;4
26500;;;UV_VISOR_YELLOW;XIRECS;10102.0;4
28100;;;PEBBLES_L;XIRECS;10350.0;3
28100;;;PEBBLES_M;XIRECS;9677.0;3
28100;;;PEBBLES_S;XIRECS;10429.0;3
28100;;;PEBBLES_XL;XIRECS;9558.0;3
28100;;;PEBBLES_XS;XIRECS;10020.0;3
30200;;;MICROCHIP_CIRCLE;XIRECS;9693.0;2
30200;;;MICROCHIP_OVAL;XIRECS;9762.0;2
30200;;;MICROCHIP_RECTANGLE;XIRECS;10061.0;2
30200;;;MICROCHIP_SQUARE;XIRECS;10207.0;2
30200;;;MICROCHIP_TRIANGLE;XIRECS;10155.0;2
32000;;;MICROCHIP_CIRCLE;XIRECS;9709.0;3
32000;;;MICROCHIP_OVAL;XIRECS;9755.0;3
32000;;;MICROCHIP_RECTANGLE;XIRECS;10019.0;3
32000;;;MICROCHIP_SQUARE;XIRECS;10169.0;3
32000;;;MICROCHIP_TRIANGLE;XIRECS;10189.0;3
36400;;;GALAXY_SOUNDS_BLACK_HOLES;XIRECS;9675.0;4
36400;;;GALAXY_SOUNDS_DARK_MATTER;XIRECS;9739.0;4
36400;;;GALAXY_SOUNDS_PLANETARY_RINGS;XIRECS;10348.0;4
36400;;;GALAXY_SOUNDS_SOLAR_FLAMES;XIRECS;9941.0;4
36400;;;GALAXY_SOUNDS_SOLAR_WINDS;XIRECS;9816.0;4
36400;;;OXYGEN_SHAKE_CHOCOLATE;XIRECS;9864.0;4
36400;;;OXYGEN_SHAKE_EVENING_BREATH;XIRECS;10293.0;4
36400;;;OXYGEN_SHAKE_GARLIC;XIRECS;9800.0;4
36400;;;OXYGEN_SHAKE_MINT;XIRECS;9853.0;4
36400;;;OXYGEN_SHAKE_MORNING_BREATH;XIRECS;9948.0;4
36400;;;PANEL_1X2;XIRECS;9995.0;4
36400;;;PANEL_1X4;XIRECS;9837.0;4
36400;;;PANEL_2X2;XIRECS;9818.0;4
36400;;;PANEL_2X4;XIRECS;10416.0;4
36400;;;PANEL_4X4;XIRECS;10031.0;4
36400;;;ROBOT_DISHES;XIRECS;9845.0;4
36400;;;ROBOT_IRONING;XIRECS;9976.0;4
36400;;;ROBOT_LAUNDRY;XIRECS;9863.0;4
36400;;;ROBOT_MOPPING;XIRECS;10343.0;4
36400;;;ROBOT_VACUUMING;XIRECS;10052.0;4
36400;;;SLEEP_POD_COTTON;XIRECS;9990.0;4
36400;;;SLEEP_POD_LAMB_WOOL;XIRECS;10123.0;4
36400;;;SLEEP_POD_NYLON;XIRECS;10043.0;4
36400;;;SLEEP_POD_POLYESTER;XIRECS;9863.0;4
36400;;;SLEEP_POD_SUEDE;XIRECS;10173.0;4
36400;;;SNACKPACK_CHOCOLATE;XIRECS;9944.0;4
36400;;;SNACKPACK_PISTACHIO;XIRECS;10050.0;4
36400;;;SNACKPACK_RASPBERRY;XIRECS;9854.0;4
36400;;;SNACKPACK_STRAWBERRY;XIRECS;10160.0;4
36400;;;SNACKPACK_VANILLA;XIRECS;10076.0;4
36400;;;TRANSLATOR_ASTRO_BLACK;XIRECS;10038.0;4
36400;;;TRANSLATOR_ECLIPSE_CHARCOAL;XIRECS;9743.0;4
36400;;;TRANSLATOR_GRAPHITE_MIST;XIRECS;9867.0;4
36400;;;TRANSLATOR_SPACE_GRAY;XIRECS;9987.0;4
36400;;;TRANSLATOR_VOID_BLUE;XIRECS;10027.0;4
36400;;;UV_VISOR_AMBER;XIRECS;9934.0;4
36400;;;UV_VISOR_MAGENTA;XIRECS;10113.0;4
36400;;;UV_VISOR_ORANGE;XIRECS;10090.0;4
36400;;;UV_VISOR_RED;XIRECS;10135.0;4
36400;;;UV_VISOR_YELLOW;XIRECS;9891.0;4
38400;;;GALAXY_SOUNDS_BLACK_HOLES;XIRECS;9700.0;4
38400;;;GALAXY_SOUNDS_DARK_MATTER;XIRECS;9679.0;4
38400;;;GALAXY_SOUNDS_PLANETARY_RINGS;XIRECS;10309.0;4
38400;;;GALAXY_SOUNDS_SOLAR_FLAMES;XIRECS;10012.0;4
38400;;;GALAXY_SOUNDS_SOLAR_WINDS;XIRECS;9886.0;4
38400;;;OXYGEN_SHAKE_CHOCOLATE;XIRECS;9844.0;4
38400;;;OXYGEN_SHAKE_EVENING_BREATH;XIRECS;10293.0;4
38400;;;OXYGEN_SHAKE_GARLIC;XIRECS;9834.0;4
38400;;;OXYGEN_SHAKE_MINT;XIRECS;9890.0;4
38400;;;OXYGEN_SHAKE_MORNING_BREATH;XIRECS;9960.0;4
38400;;;PANEL_1X2;XIRECS;10028.0;4
38400;;;PANEL_1X4;XIRECS;9892.0;4
38400;;;PANEL_2X2;XIRECS;9827.0;4
38400;;;PANEL_2X4;XIRECS;10426.0;4
38400;;;PANEL_4X4;XIRECS;10071.0;4
38400;;;ROBOT_DISHES;XIRECS;9837.0;4
38400;;;ROBOT_IRONING;XIRECS;9996.0;4
38400;;;ROBOT_LAUNDRY;XIRECS;9927.0;4
38400;;;ROBOT_MOPPING;XIRECS;10373.0;4
38400;;;ROBOT_VACUUMING;XIRECS;10073.0;4
38400;;;SLEEP_POD_COTTON;XIRECS;9966.0;4
38400;;;SLEEP_POD_LAMB_WOOL;XIRECS;10031.0;4
38400;;;SLEEP_POD_NYLON;XIRECS;10003.0;4
38400;;;SLEEP_POD_POLYESTER;XIRECS;9884.0;4
38400;;;SLEEP_POD_SUEDE;XIRECS;10161.0;4
38400;;;SNACKPACK_CHOCOLATE;XIRECS;9913.0;4
38400;;;SNACKPACK_PISTACHIO;XIRECS;10070.0;4
38400;;;SNACKPACK_RASPBERRY;XIRECS;9799.0;4
38400;;;SNACKPACK_STRAWBERRY;XIRECS;10219.0;4
38400;;;SNACKPACK_VANILLA;XIRECS;10111.0;4
38400;;;TRANSLATOR_ASTRO_BLACK;XIRECS;10067.0;4
38400;;;TRANSLATOR_ECLIPSE_CHARCOAL;XIRECS;9707.0;4
38400;;;TRANSLATOR_GRAPHITE_MIST;XIRECS;9863.0;4
38400;;;TRANSLATOR_SPACE_GRAY;XIRECS;9982.0;4
38400;;;TRANSLATOR_VOID_BLUE;XIRECS;9997.0;4
38400;;;UV_VISOR_AMBER;XIRECS;9925.0;4
38400;;;UV_VISOR_MAGENTA;XIRECS;10157.0;4
38400;;;UV_VISOR_ORANGE;XIRECS;10077.0;4
38400;;;UV_VISOR_RED;XIRECS;10203.0;4
38400;;;UV_VISOR_YELLOW;XIRECS;9974.0;4
38600;;;GALAXY_SOUNDS_BLACK_HOLES;XIRECS;9718.0;4
38600;;;GALAXY_SOUNDS_DARK_MATTER;XIRECS;9693.0;4
38600;;;GALAXY_SOUNDS_PLANETARY_RINGS;XIRECS;10305.0;4
38600;;;GALAXY_SOUNDS_SOLAR_FLAMES;XIRECS;10030.0;4
38600;;;GALAXY_SOUNDS_SOLAR_WINDS;XIRECS;9900.0;4
38600;;;OXYGEN_SHAKE_CHOCOLATE;XIRECS;9856.0;4
38600;;;OXYGEN_SHAKE_EVENING_BREATH;XIRECS;10207.0;4
38600;;;OXYGEN_SHAKE_GARLIC;XIRECS;9844.0;4
38600;;;OXYGEN_SHAKE_MINT;XIRECS;9915.0;4
38600;;;OXYGEN_SHAKE_MORNING_BREATH;XIRECS;9961.0;4
38600;;;PANEL_1X2;XIRECS;10038.0;4
38600;;;PANEL_1X4;XIRECS;9899.0;4
38600;;;PANEL_2X2;XIRECS;9821.0;4
38600;;;PANEL_2X4;XIRECS;10427.0;4
38600;;;PANEL_4X4;XIRECS;10093.0;4
38600;;;ROBOT_DISHES;XIRECS;9832.0;4
38600;;;ROBOT_IRONING;XIRECS;10004.0;4
38600;;;ROBOT_LAUNDRY;XIRECS;9937.0;4
38600;;;ROBOT_MOPPING;XIRECS;10370.0;4
38600;;;ROBOT_VACUUMING;XIRECS;10065.0;4
38600;;;SLEEP_POD_COTTON;XIRECS;9982.0;4
38600;;;SLEEP_POD_LAMB_WOOL;XIRECS;10026.0;4
38600;;;SLEEP_POD_NYLON;XIRECS;10005.0;4
38600;;;SLEEP_POD_POLYESTER;XIRECS;9876.0;4
38600;;;SLEEP_POD_SUEDE;XIRECS;10161.0;4
38600;;;SNACKPACK_CHOCOLATE;XIRECS;9943.0;4
38600;;;SNACKPACK_PISTACHIO;XIRECS;10083.0;4
38600;;;SNACKPACK_RASPBERRY;XIRECS;9812.0;4
38600;;;SNACKPACK_STRAWBERRY;XIRECS;10237.0;4
38600;;;SNACKPACK_VANILLA;XIRECS;10116.0;4
38600;;;TRANSLATOR_ASTRO_BLACK;XIRECS;10056.0;4
38600;;;TRANSLATOR_ECLIPSE_CHARCOAL;XIRECS;9698.0;4
38600;;;TRANSLATOR_GRAPHITE_MIST;XIRECS;9880.0;4
38600;;;TRANSLATOR_SPACE_GRAY;XIRECS;10010.0;4
38600;;;TRANSLATOR_VOID_BLUE;XIRECS;10011.0;4
38600;;;UV_VISOR_AMBER;XIRECS;9947.0;4
38600;;;UV_VISOR_MAGENTA;XIRECS;10200.0;4
38600;;;UV_VISOR_ORANGE;XIRECS;10086.0;4
38600;;;UV_VISOR_RED;XIRECS;10221.0;4
38600;;;UV_VISOR_YELLOW;XIRECS;9999.0;4
38900;;;MICROCHIP_CIRCLE;XIRECS;9681.0;2
38900;;;MICROCHIP_OVAL;XIRECS;9788.0;2
38900;;;MICROCHIP_RECTANGLE;XIRECS;10038.0;2
38900;;;MICROCHIP_SQUARE;XIRECS;9924.0;2
38900;;;MICROCHIP_TRIANGLE;XIRECS;10197.0;2
44000;;;MICROCHIP_CIRCLE;XIRECS;9683.0;3
44000;;;MICROCHIP_OVAL;XIRECS;9782.0;3
44000;;;MICROCHIP_RECTANGLE;XIRECS;10031.0;3
44000;;;MICROCHIP_SQUARE;XIRECS;10020.0;3
44000;;;MICROCHIP_TRIANGLE;XIRECS;10339.0;3
45000;;;PEBBLES_L;XIRECS;10158.0;4
45000;;;PEBBLES_M;XIRECS;9668.0;4
45000;;;PEBBLES_S;XIRECS;10611.0;4
45000;;;PEBBLES_XL;XIRECS;9659.0;4
45000;;;PEBBLES_XS;XIRECS;9871.0;4
49400;;;MICROCHIP_CIRCLE;XIRECS;9533.0;3
49400;;;MICROCHIP_OVAL;XIRECS;9858.0;3
49400;;;MICROCHIP_RECTANGLE;XIRECS;9948.0;3
49400;;;MICROCHIP_SQUARE;XIRECS;9967.0;3
49400;;;MICROCHIP_TRIANGLE;XIRECS;10341.0;3
50500;;;PEBBLES_L;XIRECS;10078.0;3
50500;;;PEBBLES_M;XIRECS;9690.0;3
50500;;;PEBBLES_S;XIRECS;10509.0;3
50500;;;PEBBLES_XL;XIRECS;9822.0;3
50500;;;PEBBLES_XS;XIRECS;9934.0;3
52600;;;GALAXY_SOUNDS_BLACK_HOLES;XIRECS;9644.0;2
52600;;;GALAXY_SOUNDS_DARK_MATTER;XIRECS;9780.0;2
52600;;;GALAXY_SOUNDS_PLANETARY_RINGS;XIRECS;10375.0;2
52600;;;GALAXY_SOUNDS_SOLAR_FLAMES;XIRECS;9991.0;2
52600;;;GALAXY_SOUNDS_SOLAR_WINDS;XIRECS;9792.0;2
52600;;;OXYGEN_SHAKE_CHOCOLATE;XIRECS;9826.0;2
52600;;;OXYGEN_SHAKE_EVENING_BREATH;XIRECS;10107.0;2
52600;;;OXYGEN_SHAKE_GARLIC;XIRECS;9843.0;2
52600;;;OXYGEN_SHAKE_MINT;XIRECS;9899.0;2
52600;;;OXYGEN_SHAKE_MORNING_BREATH;XIRECS;10214.0;2
52600;;;PANEL_1X2;XIRECS;9913.0;2
52600;;;PANEL_1X4;XIRECS;10038.0;2
52600;;;PANEL_2X2;XIRECS;9869.0;2
52600;;;PANEL_2X4;XIRECS;10451.0;2
52600;;;PANEL_4X4;XIRECS;10013.0;2
52600;;;ROBOT_DISHES;XIRECS;9772.0;2
52600;;;ROBOT_IRONING;XIRECS;10104.0;2
52600;;;ROBOT_LAUNDRY;XIRECS;10038.0;2
52600;;;ROBOT_MOPPING;XIRECS;10399.0;2
52600;;;ROBOT_VACUUMING;XIRECS;10075.0;2
52600;;;SLEEP_POD_COTTON;XIRECS;9983.0;2
52600;;;SLEEP_POD_LAMB_WOOL;XIRECS;10142.0;2
52600;;;SLEEP_POD_NYLON;XIRECS;9889.0;2
52600;;;SLEEP_POD_POLYESTER;XIRECS;10019.0;2
52600;;;SLEEP_POD_SUEDE;XIRECS;10133.0;2
52600;;;SNACKPACK_CHOCOLATE;XIRECS;9887.0;2
52600;;;SNACKPACK_PISTACHIO;XIRECS;10041.0;2
52600;;;SNACKPACK_RASPBERRY;XIRECS;9839.0;2
52600;;;SNACKPACK_STRAWBERRY;XIRECS;10231.0;2
52600;;;SNACKPACK_VANILLA;XIRECS;10172.0;2
52600;;;TRANSLATOR_ASTRO_BLACK;XIRECS;10040.0;2
52600;;;TRANSLATOR_ECLIPSE_CHARCOAL;XIRECS;9564.0;2
52600;;;TRANSLATOR_GRAPHITE_MIST;XIRECS;9865.0;2
52600;;;TRANSLATOR_SPACE_GRAY;XIRECS;10254.0;2
52600;;;TRANSLATOR_VOID_BLUE;XIRECS;10035.0;2
52600;;;UV_VISOR_AMBER;XIRECS;9985.0;2
52600;;;UV_VISOR_MAGENTA;XIRECS;10129.0;2
52600;;;UV_VISOR_ORANGE;XIRECS;10108.0;2
52600;;;UV_VISOR_RED;XIRECS;10358.0;2
52600;;;UV_VISOR_YELLOW;XIRECS;9932.0;2
56700;;;PEBBLES_L;XIRECS;10094.0;3
56700;;;PEBBLES_M;XIRECS;9863.0;3
56700;;;PEBBLES_S;XIRECS;10388.0;3
56700;;;PEBBLES_XL;XIRECS;9590.0;3
56700;;;PEBBLES_XS;XIRECS;10098.0;3
58900;;;MICROCHIP_CIRCLE;XIRECS;9544.0;2
58900;;;MICROCHIP_OVAL;XIRECS;9920.0;2
58900;;;MICROCHIP_RECTANGLE;XIRECS;9917.0;2
58900;;;MICROCHIP_SQUARE;XIRECS;9942.0;2
58900;;;MICROCHIP_TRIANGLE;XIRECS;10273.0;2
60000;;;PEBBLES_L;XIRECS;10102.0;3
60000;;;PEBBLES_M;XIRECS;9874.0;3
60000;;;PEBBLES_S;XIRECS;10316.0;3
60000;;;PEBBLES_XL;XIRECS;9513.0;3
60000;;;PEBBLES_XS;XIRECS;10163.0;3
60100;;;PEBBLES_L;XIRECS;10082.0;4
60100;;;PEBBLES_M;XIRECS;9857.0;4
60100;;;PEBBLES_S;XIRECS;10314.0;4
60100;;;PEBBLES_XL;XIRECS;9573.0;4
60100;;;PEBBLES_XS;XIRECS;10140.0;4
60900;;;PEBBLES_L;XIRECS;10038.0;3
60900;;;PEBBLES_M;XIRECS;9854.0;3
60900;;;PEBBLES_S;XIRECS;10375.0;3
60900;;;PEBBLES_XL;XIRECS;9509.0;3
60900;;;PEBBLES_XS;XIRECS;10191.0;3
63900;;;GALAXY_SOUNDS_BLACK_HOLES;XIRECS;9833.0;2
63900;;;GALAXY_SOUNDS_DARK_MATTER;XIRECS;9713.0;2
63900;;;GALAXY_SOUNDS_PLANETARY_RINGS;XIRECS;10458.0;2
63900;;;GALAXY_SOUNDS_SOLAR_FLAMES;XIRECS;10181.0;2
63900;;;GALAXY_SOUNDS_SOLAR_WINDS;XIRECS;9809.0;2
63900;;;OXYGEN_SHAKE_CHOCOLATE;XIRECS;9664.0;2
63900;;;OXYGEN_SHAKE_EVENING_BREATH;XIRECS;10093.0;2
63900;;;OXYGEN_SHAKE_GARLIC;XIRECS;9675.0;2
63900;;;OXYGEN_SHAKE_MINT;XIRECS;9927.0;2
63900;;;OXYGEN_SHAKE_MORNING_BREATH;XIRECS;10223.0;2
63900;;;PANEL_1X2;XIRECS;9900.0;2
63900;;;PANEL_1X4;XIRECS;10189.0;2
63900;;;PANEL_2X2;XIRECS;9833.0;2
63900;;;PANEL_2X4;XIRECS;10344.0;2
63900;;;PANEL_4X4;XIRECS;9792.0;2
63900;;;ROBOT_DISHES;XIRECS;9500.0;2
63900;;;ROBOT_IRONING;XIRECS;9956.0;2
63900;;;ROBOT_LAUNDRY;XIRECS;9996.0;2
63900;;;ROBOT_MOPPING;XIRECS;10367.0;2
63900;;;ROBOT_VACUUMING;XIRECS;9968.0;2
63900;;;SLEEP_POD_COTTON;XIRECS;9885.0;2
63900;;;SLEEP_POD_LAMB_WOOL;XIRECS;10253.0;2
63900;;;SLEEP_POD_NYLON;XIRECS;9999.0;2
63900;;;SLEEP_POD_POLYESTER;XIRECS;9900.0;2
63900;;;SLEEP_POD_SUEDE;XIRECS;10171.0;2
63900;;;SNACKPACK_CHOCOLATE;XIRECS;9881.0;2
63900;;;SNACKPACK_PISTACHIO;XIRECS;10070.0;2
63900;;;SNACKPACK_RASPBERRY;XIRECS;9816.0;2
63900;;;SNACKPACK_STRAWBERRY;XIRECS;10250.0;2
63900;;;SNACKPACK_VANILLA;XIRECS;10128.0;2
63900;;;TRANSLATOR_ASTRO_BLACK;XIRECS;9941.0;2
63900;;;TRANSLATOR_ECLIPSE_CHARCOAL;XIRECS;9618.0;2
63900;;;TRANSLATOR_GRAPHITE_MIST;XIRECS;9873.0;2
63900;;;TRANSLATOR_SPACE_GRAY;XIRECS;10225.0;2
63900;;;TRANSLATOR_VOID_BLUE;XIRECS;10000.0;2
63900;;;UV_VISOR_AMBER;XIRECS;9840.0;2
63900;;;UV_VISOR_MAGENTA;XIRECS;10093.0;2
63900;;;UV_VISOR_ORANGE;XIRECS;10085.0;2
63900;;;UV_VISOR_RED;XIRECS;10430.0;2
63900;;;UV_VISOR_YELLOW;XIRECS;9975.0;2
69500;;;GALAXY_SOUNDS_BLACK_HOLES;XIRECS;9791.0;2
69500;;;GALAXY_SOUNDS_DARK_MATTER;XIRECS;9760.0;2
69500;;;GALAXY_SOUNDS_PLANETARY_RINGS;XIRECS;10435.0;2
69500;;;GALAXY_SOUNDS_SOLAR_FLAMES;XIRECS;10277.0;2
69500;;;GALAXY_SOUNDS_SOLAR_WINDS;XIRECS;9860.0;2
69500;;;OXYGEN_SHAKE_CHOCOLATE;XIRECS;9656.0;2
69500;;;OXYGEN_SHAKE_EVENING_BREATH;XIRECS;10107.0;2
69500;;;OXYGEN_SHAKE_GARLIC;XIRECS;9710.0;2
69500;;;OXYGEN_SHAKE_MINT;XIRECS;9901.0;2
69500;;;OXYGEN_SHAKE_MORNING_BREATH;XIRECS;10272.0;2
69500;;;PANEL_1X2;XIRECS;9932.0;2
69500;;;PANEL_1X4;XIRECS;10127.0;2
69500;;;PANEL_2X2;XIRECS;9854.0;2
69500;;;PANEL_2X4;XIRECS;10298.0;2
69500;;;PANEL_4X4;XIRECS;9948.0;2
69500;;;ROBOT_DISHES;XIRECS;9537.0;2
69500;;;ROBOT_IRONING;XIRECS;10004.0;2
69500;;;ROBOT_LAUNDRY;XIRECS;9916.0;2
69500;;;ROBOT_MOPPING;XIRECS;10451.0;2
69500;;;ROBOT_VACUUMING;XIRECS;9828.0;2
69500;;;SLEEP_POD_COTTON;XIRECS;10010.0;2
69500;;;SLEEP_POD_LAMB_WOOL;XIRECS;10354.0;2
69500;;;SLEEP_POD_NYLON;XIRECS;10044.0;2
69500;;;SLEEP_POD_POLYESTER;XIRECS;9856.0;2
69500;;;SLEEP_POD_SUEDE;XIRECS;10150.0;2
69500;;;SNACKPACK_CHOCOLATE;XIRECS;9931.0;2
69500;;;SNACKPACK_PISTACHIO;XIRECS;10035.0;2
69500;;;SNACKPACK_RASPBERRY;XIRECS;9888.0;2
69500;;;SNACKPACK_STRAWBERRY;XIRECS;10215.0;2
69500;;;SNACKPACK_VANILLA;XIRECS;10123.0;2
69500;;;TRANSLATOR_ASTRO_BLACK;XIRECS;9939.0;2
69500;;;TRANSLATOR_ECLIPSE_CHARCOAL;XIRECS;9640.0;2
69500;;;TRANSLATOR_GRAPHITE_MIST;XIRECS;9928.0;2
69500;;;TRANSLATOR_SPACE_GRAY;XIRECS;10225.0;2
69500;;;TRANSLATOR_VOID_BLUE;XIRECS;10013.0;2
69500;;;UV_VISOR_AMBER;XIRECS;9877.0;2
69500;;;UV_VISOR_MAGENTA;XIRECS;10144.0;2
69500;;;UV_VISOR_ORANGE;XIRECS;10167.0;2
69500;;;UV_VISOR_RED;XIRECS;10397.0;2
69500;;;UV_VISOR_YELLOW;XIRECS;9945.0;2
71200;;;GALAXY_SOUNDS_BLACK_HOLES;XIRECS;9800.0;1
71200;;;GALAXY_SOUNDS_DARK_MATTER;XIRECS;9750.0;1
71200;;;GALAXY_SOUNDS_PLANETARY_RINGS;XIRECS;10341.0;1
71200;;;GALAXY_SOUNDS_SOLAR_FLAMES;XIRECS;10301.0;1
71200;;;GALAXY_SOUNDS_SOLAR_WINDS;XIRECS;9915.0;1
71200;;;OXYGEN_SHAKE_CHOCOLATE;XIRECS;9654.0;1
71200;;;OXYGEN_SHAKE_EVENING_BREATH;XIRECS;10093.0;1
71200;;;OXYGEN_SHAKE_GARLIC;XIRECS;9734.0;1
71200;;;OXYGEN_SHAKE_MINT;XIRECS;9849.0;1
71200;;;OXYGEN_SHAKE_MORNING_BREATH;XIRECS;10273.0;1
71200;;;PANEL_1X2;XIRECS;9897.0;1
71200;;;PANEL_1X4;XIRECS;10139.0;1
71200;;;PANEL_2X2;XIRECS;9830.0;1
71200;;;PANEL_2X4;XIRECS;10322.0;1
71200;;;PANEL_4X4;XIRECS;9975.0;1
71200;;;ROBOT_DISHES;XIRECS;9544.0;1
71200;;;ROBOT_IRONING;XIRECS;9996.0;1
71200;;;ROBOT_LAUNDRY;XIRECS;9865.0;1
71200;;;ROBOT_MOPPING;XIRECS;10436.0;1
71200;;;ROBOT_VACUUMING;XIRECS;9818.0;1
71200;;;SLEEP_POD_COTTON;XIRECS;9968.0;1
71200;;;SLEEP_POD_LAMB_WOOL;XIRECS;10344.0;1
71200;;;SLEEP_POD_NYLON;XIRECS;9977.0;1
71200;;;SLEEP_POD_POLYESTER;XIRECS;9839.0;1
71200;;;SLEEP_POD_SUEDE;XIRECS;10186.0;1
71200;;;SNACKPACK_CHOCOLATE;XIRECS;9908.0;1
71200;;;SNACKPACK_PISTACHIO;XIRECS;9986.0;1
71200;;;SNACKPACK_RASPBERRY;XIRECS;9913.0;1
71200;;;SNACKPACK_STRAWBERRY;XIRECS;10140.0;1
71200;;;SNACKPACK_VANILLA;XIRECS;10110.0;1
71200;;;TRANSLATOR_ASTRO_BLACK;XIRECS;9902.0;1
71200;;;TRANSLATOR_ECLIPSE_CHARCOAL;XIRECS;9626.0;1
71200;;;TRANSLATOR_GRAPHITE_MIST;XIRECS;9940.0;1
71200;;;TRANSLATOR_SPACE_GRAY;XIRECS;10216.0;1
71200;;;TRANSLATOR_VOID_BLUE;XIRECS;9977.0;1
71200;;;UV_VISOR_AMBER;XIRECS;9877.0;1
71200;;;UV_VISOR_MAGENTA;XIRECS;10051.0;1
71200;;;UV_VISOR_ORANGE;XIRECS;10109.0;1
71200;;;UV_VISOR_RED;XIRECS;10357.0;1
71200;;;UV_VISOR_YELLOW;XIRECS;9975.0;1
71900;;;GALAXY_SOUNDS_BLACK_HOLES;XIRECS;9838.0;4
71900;;;GALAXY_SOUNDS_DARK_MATTER;XIRECS;9741.0;4
71900;;;GALAXY_SOUNDS_PLANETARY_RINGS;XIRECS;10402.0;4
71900;;;GALAXY_SOUNDS_SOLAR_FLAMES;XIRECS;10277.0;4
71900;;;GALAXY_SOUNDS_SOLAR_WINDS;XIRECS;9947.0;4
71900;;;OXYGEN_SHAKE_CHOCOLATE;XIRECS;9646.0;4
71900;;;OXYGEN_SHAKE_EVENING_BREATH;XIRECS;10107.0;4
71900;;;OXYGEN_SHAKE_GARLIC;XIRECS;9760.0;4
71900;;;OXYGEN_SHAKE_MINT;XIRECS;9907.0;4
71900;;;OXYGEN_SHAKE_MORNING_BREATH;XIRECS;10273.0;4
71900;;;PANEL_1X2;XIRECS;9946.0;4
71900;;;PANEL_1X4;XIRECS;10159.0;4
71900;;;PANEL_2X2;XIRECS;9843.0;4
71900;;;PANEL_2X4;XIRECS;10338.0;4
71900;;;PANEL_4X4;XIRECS;9977.0;4
71900;;;ROBOT_DISHES;XIRECS;9553.0;4
71900;;;ROBOT_IRONING;XIRECS;10004.0;4
71900;;;ROBOT_LAUNDRY;XIRECS;9915.0;4
71900;;;ROBOT_MOPPING;XIRECS;10477.0;4
71900;;;ROBOT_VACUUMING;XIRECS;9772.0;4
71900;;;SLEEP_POD_COTTON;XIRECS;9944.0;4
71900;;;SLEEP_POD_LAMB_WOOL;XIRECS;10371.0;4
71900;;;SLEEP_POD_NYLON;XIRECS;9969.0;4
71900;;;SLEEP_POD_POLYESTER;XIRECS;9837.0;4
71900;;;SLEEP_POD_SUEDE;XIRECS;10192.0;4
71900;;;SNACKPACK_CHOCOLATE;XIRECS;9914.0;4
71900;;;SNACKPACK_PISTACHIO;XIRECS;10005.0;4
71900;;;SNACKPACK_RASPBERRY;XIRECS;9921.0;4
71900;;;SNACKPACK_STRAWBERRY;XIRECS;10170.0;4
71900;;;SNACKPACK_VANILLA;XIRECS;10138.0;4
71900;;;TRANSLATOR_ASTRO_BLACK;XIRECS;9931.0;4
71900;;;TRANSLATOR_ECLIPSE_CHARCOAL;XIRECS;9619.0;4
71900;;;TRANSLATOR_GRAPHITE_MIST;XIRECS;9935.0;4
71900;;;TRANSLATOR_SPACE_GRAY;XIRECS;10273.0;4
71900;;;TRANSLATOR_VOID_BLUE;XIRECS;10023.0;4
71900;;;UV_VISOR_AMBER;XIRECS;9890.0;4
71900;;;UV_VISOR_MAGENTA;XIRECS;10069.0;4
71900;;;UV_VISOR_ORANGE;XIRECS;10164.0;4
71900;;;UV_VISOR_RED;XIRECS;10381.0;4
71900;;;UV_VISOR_YELLOW;XIRECS;9973.0;4
74900;;;GALAXY_SOUNDS_BLACK_HOLES;XIRECS;9919.0;1
74900;;;GALAXY_SOUNDS_DARK_MATTER;XIRECS;9771.0;1
74900;;;GALAXY_SOUNDS_PLANETARY_RINGS;XIRECS;10347.0;1
74900;;;GALAXY_SOUNDS_SOLAR_FLAMES;XIRECS;10224.0;1
74900;;;GALAXY_SOUNDS_SOLAR_WINDS;XIRECS;10019.0;1
74900;;;OXYGEN_SHAKE_CHOCOLATE;XIRECS;9654.0;1
74900;;;OXYGEN_SHAKE_EVENING_BREATH;XIRECS;10093.0;1
74900;;;OXYGEN_SHAKE_GARLIC;XIRECS;9671.0;1
74900;;;OXYGEN_SHAKE_MINT;XIRECS;9972.0;1
74900;;;OXYGEN_SHAKE_MORNING_BREATH;XIRECS;10193.0;1
74900;;;PANEL_1X2;XIRECS;9985.0;1
74900;;;PANEL_1X4;XIRECS;10119.0;1
74900;;;PANEL_2X2;XIRECS;9934.0;1
74900;;;PANEL_2X4;XIRECS;10298.0;1
74900;;;PANEL_4X4;XIRECS;10070.0;1
74900;;;ROBOT_DISHES;XIRECS;9553.0;1
74900;;;ROBOT_IRONING;XIRECS;9996.0;1
74900;;;ROBOT_LAUNDRY;XIRECS;9906.0;1
74900;;;ROBOT_MOPPING;XIRECS;10349.0;1
74900;;;ROBOT_VACUUMING;XIRECS;9698.0;1
74900;;;SLEEP_POD_COTTON;XIRECS;10001.0;1
74900;;;SLEEP_POD_LAMB_WOOL;XIRECS;10455.0;1
74900;;;SLEEP_POD_NYLON;XIRECS;9898.0;1
74900;;;SLEEP_POD_POLYESTER;XIRECS;9735.0;1
74900;;;SLEEP_POD_SUEDE;XIRECS;10310.0;1
74900;;;SNACKPACK_CHOCOLATE;XIRECS;9884.0;1
74900;;;SNACKPACK_PISTACHIO;XIRECS;9978.0;1
74900;;;SNACKPACK_RASPBERRY;XIRECS;9893.0;1
74900;;;SNACKPACK_STRAWBERRY;XIRECS;10185.0;1
74900;;;SNACKPACK_VANILLA;XIRECS;10130.0;1
74900;;;TRANSLATOR_ASTRO_BLACK;XIRECS;9982.0;1
74900;;;TRANSLATOR_ECLIPSE_CHARCOAL;XIRECS;9551.0;1
74900;;;TRANSLATOR_GRAPHITE_MIST;XIRECS;9862.0;1
74900;;;TRANSLATOR_SPACE_GRAY;XIRECS;10234.0;1
74900;;;TRANSLATOR_VOID_BLUE;XIRECS;9972.0;1
74900;;;UV_VISOR_AMBER;XIRECS;9775.0;1
74900;;;UV_VISOR_MAGENTA;XIRECS;10058.0;1
74900;;;UV_VISOR_ORANGE;XIRECS;10183.0;1
74900;;;UV_VISOR_RED;XIRECS;10455.0;1
74900;;;UV_VISOR_YELLOW;XIRECS;9919.0;1
75600;;;GALAXY_SOUNDS_BLACK_HOLES;XIRECS;9909.0;4
75600;;;GALAXY_SOUNDS_DARK_MATTER;XIRECS;9798.0;4
75600;;;GALAXY_SOUNDS_PLANETARY_RINGS;XIRECS;10404.0;4
75600;;;GALAXY_SOUNDS_SOLAR_FLAMES;XIRECS;10228.0;4
75600;;;GALAXY_SOUNDS_SOLAR_WINDS;XIRECS;10048.0;4
75600;;;OXYGEN_SHAKE_CHOCOLATE;XIRECS;9646.0;4
75600;;;OXYGEN_SHAKE_EVENING_BREATH;XIRECS;10107.0;4
75600;;;OXYGEN_SHAKE_GARLIC;XIRECS;9682.0;4
75600;;;OXYGEN_SHAKE_MINT;XIRECS;9984.0;4
75600;;;OXYGEN_SHAKE_MORNING_BREATH;XIRECS;10242.0;4
75600;;;PANEL_1X2;XIRECS;9985.0;4
75600;;;PANEL_1X4;XIRECS;10122.0;4
75600;;;PANEL_2X2;XIRECS;9921.0;4
75600;;;PANEL_2X4;XIRECS;10305.0;4
75600;;;PANEL_4X4;XIRECS;10110.0;4
75600;;;ROBOT_DISHES;XIRECS;9554.0;4
75600;;;ROBOT_IRONING;XIRECS;10004.0;4
75600;;;ROBOT_LAUNDRY;XIRECS;9910.0;4
75600;;;ROBOT_MOPPING;XIRECS;10366.0;4
75600;;;ROBOT_VACUUMING;XIRECS;9695.0;4
75600;;;SLEEP_POD_COTTON;XIRECS;9975.0;4
75600;;;SLEEP_POD_LAMB_WOOL;XIRECS;10466.0;4
75600;;;SLEEP_POD_NYLON;XIRECS;9925.0;4
75600;;;SLEEP_POD_POLYESTER;XIRECS;9743.0;4
75600;;;SLEEP_POD_SUEDE;XIRECS;10290.0;4
75600;;;SNACKPACK_CHOCOLATE;XIRECS;9886.0;4
75600;;;SNACKPACK_PISTACHIO;XIRECS;9995.0;4
75600;;;SNACKPACK_RASPBERRY;XIRECS;9902.0;4
75600;;;SNACKPACK_STRAWBERRY;XIRECS;10208.0;4
75600;;;SNACKPACK_VANILLA;XIRECS;10166.0;4
75600;;;TRANSLATOR_ASTRO_BLACK;XIRECS;10002.0;4
75600;;;TRANSLATOR_ECLIPSE_CHARCOAL;XIRECS;9569.0;4
75600;;;TRANSLATOR_GRAPHITE_MIST;XIRECS;9903.0;4
75600;;;TRANSLATOR_SPACE_GRAY;XIRECS;10241.0;4
75600;;;TRANSLATOR_VOID_BLUE;XIRECS;9949.0;4
75600;;;UV_VISOR_AMBER;XIRECS;9815.0;4
75600;;;UV_VISOR_MAGENTA;XIRECS;10064.0;4
75600;;;UV_VISOR_ORANGE;XIRECS;10187.0;4
75600;;;UV_VISOR_RED;XIRECS;10512.0;4
75600;;;UV_VISOR_YELLOW;XIRECS;9895.0;4
76300;;;MICROCHIP_CIRCLE;XIRECS;9349.0;1
76300;;;MICROCHIP_OVAL;XIRECS;9762.0;1
76300;;;MICROCHIP_RECTANGLE;XIRECS;10046.0;1
76300;;;MICROCHIP_SQUARE;XIRECS;9850.0;1
76300;;;MICROCHIP_TRIANGLE;XIRECS;10145.0;1
78000;;;PEBBLES_L;XIRECS;9988.0;2
78000;;;PEBBLES_M;XIRECS;9490.0;2
78000;;;PEBBLES_S;XIRECS;10689.0;2
78000;;;PEBBLES_XL;XIRECS;9362.0;2
78000;;;PEBBLES_XS;XIRECS;10503.0;2
78500;;;PEBBLES_L;XIRECS;9993.0;4
78500;;;PEBBLES_M;XIRECS;9507.0;4
78500;;;PEBBLES_S;XIRECS;10676.0;4
78500;;;PEBBLES_XL;XIRECS;9332.0;4
78500;;;PEBBLES_XS;XIRECS;10460.0;4
78800;;;MICROCHIP_CIRCLE;XIRECS;9342.0;1
78800;;;MICROCHIP_OVAL;XIRECS;9701.0;1
78800;;;MICROCHIP_RECTANGLE;XIRECS;10050.0;1
78800;;;MICROCHIP_SQUARE;XIRECS;9914.0;1
78800;;;MICROCHIP_TRIANGLE;XIRECS;10152.0;1
79200;;;PEBBLES_L;XIRECS;10010.0;5
79200;;;PEBBLES_M;XIRECS;9479.0;5
79200;;;PEBBLES_S;XIRECS;10632.0;5
79200;;;PEBBLES_XL;XIRECS;9502.0;5
79200;;;PEBBLES_XS;XIRECS;10410.0;5
81300;;;MICROCHIP_CIRCLE;XIRECS;9312.0;3
81300;;;MICROCHIP_OVAL;XIRECS;9782.0;3
81300;;;MICROCHIP_RECTANGLE;XIRECS;10037.0;3
81300;;;MICROCHIP_SQUARE;XIRECS;9822.0;3
81300;;;MICROCHIP_TRIANGLE;XIRECS;10074.0;3
82400;;;GALAXY_SOUNDS_BLACK_HOLES;XIRECS;9900.0;4
82400;;;GALAXY_SOUNDS_DARK_MATTER;XIRECS;9779.0;4
82400;;;GALAXY_SOUNDS_PLANETARY_RINGS;XIRECS;10337.0;4
82400;;;GALAXY_SOUNDS_SOLAR_FLAMES;XIRECS;10443.0;4
82400;;;GALAXY_SOUNDS_SOLAR_WINDS;XIRECS;10004.0;4
82400;;;OXYGEN_SHAKE_CHOCOLATE;XIRECS;9696.0;4
82400;;;OXYGEN_SHAKE_EVENING_BREATH;XIRECS;10107.0;4
82400;;;OXYGEN_SHAKE_GARLIC;XIRECS;9692.0;4
82400;;;OXYGEN_SHAKE_MINT;XIRECS;10108.0;4
82400;;;OXYGEN_SHAKE_MORNING_BREATH;XIRECS;10271.0;4
82400;;;PANEL_1X2;XIRECS;9874.0;4
82400;;;PANEL_1X4;XIRECS;9971.0;4
82400;;;PANEL_2X2;XIRECS;9961.0;4
82400;;;PANEL_2X4;XIRECS;10275.0;4
82400;;;PANEL_4X4;XIRECS;10113.0;4
82400;;;ROBOT_DISHES;XIRECS;9626.0;4
82400;;;ROBOT_IRONING;XIRECS;10004.0;4
82400;;;ROBOT_LAUNDRY;XIRECS;10011.0;4
82400;;;ROBOT_MOPPING;XIRECS;10565.0;4
82400;;;ROBOT_VACUUMING;XIRECS;9694.0;4
82400;;;SLEEP_POD_COTTON;XIRECS;10282.0;4
82400;;;SLEEP_POD_LAMB_WOOL;XIRECS;10611.0;4
82400;;;SLEEP_POD_NYLON;XIRECS;9906.0;4
82400;;;SLEEP_POD_POLYESTER;XIRECS;9846.0;4
82400;;;SLEEP_POD_SUEDE;XIRECS;10308.0;4
82400;;;SNACKPACK_CHOCOLATE;XIRECS;9766.0;4
82400;;;SNACKPACK_PISTACHIO;XIRECS;9927.0;4
82400;;;SNACKPACK_RASPBERRY;XIRECS;10051.0;4
82400;;;SNACKPACK_STRAWBERRY;XIRECS;10084.0;4
82400;;;SNACKPACK_VANILLA;XIRECS;10304.0;4
82400;;;TRANSLATOR_ASTRO_BLACK;XIRECS;10030.0;4
82400;;;TRANSLATOR_ECLIPSE_CHARCOAL;XIRECS;9596.0;4
82400;;;TRANSLATOR_GRAPHITE_MIST;XIRECS;9919.0;4
82400;;;TRANSLATOR_SPACE_GRAY;XIRECS;10175.0;4
82400;;;TRANSLATOR_VOID_BLUE;XIRECS;10149.0;4
82400;;;UV_VISOR_AMBER;XIRECS;9838.0;4
82400;;;UV_VISOR_MAGENTA;XIRECS;10077.0;4
82400;;;UV_VISOR_ORANGE;XIRECS;10161.0;4
82400;;;UV_VISOR_RED;XIRECS;10620.0;4
82400;;;UV_VISOR_YELLOW;XIRECS;9894.0;4
83300;;;GALAXY_SOUNDS_BLACK_HOLES;XIRECS;9921.0;1
83300;;;GALAXY_SOUNDS_DARK_MATTER;XIRECS;9710.0;1
83300;;;GALAXY_SOUNDS_PLANETARY_RINGS;XIRECS;10296.0;1
83300;;;GALAXY_SOUNDS_SOLAR_FLAMES;XIRECS;10412.0;1
83300;;;GALAXY_SOUNDS_SOLAR_WINDS;XIRECS;9977.0;1
83300;;;OXYGEN_SHAKE_CHOCOLATE;XIRECS;9704.0;1
83300;;;OXYGEN_SHAKE_EVENING_BREATH;XIRECS;10093.0;1
83300;;;OXYGEN_SHAKE_GARLIC;XIRECS;9684.0;1
83300;;;OXYGEN_SHAKE_MINT;XIRECS;10113.0;1
83300;;;OXYGEN_SHAKE_MORNING_BREATH;XIRECS;10311.0;1
83300;;;PANEL_1X2;XIRECS;9804.0;1
83300;;;PANEL_1X4;XIRECS;9972.0;1
83300;;;PANEL_2X2;XIRECS;9925.0;1
83300;;;PANEL_2X4;XIRECS;10277.0;1
83300;;;PANEL_4X4;XIRECS;10063.0;1
83300;;;ROBOT_DISHES;XIRECS;9604.0;1
83300;;;ROBOT_IRONING;XIRECS;9906.0;1
83300;;;ROBOT_LAUNDRY;XIRECS;10009.0;1
83300;;;ROBOT_MOPPING;XIRECS;10503.0;1
83300;;;ROBOT_VACUUMING;XIRECS;9661.0;1
83300;;;SLEEP_POD_COTTON;XIRECS;10296.0;1
83300;;;SLEEP_POD_LAMB_WOOL;XIRECS;10583.0;1
83300;;;SLEEP_POD_NYLON;XIRECS;9935.0;1
83300;;;SLEEP_POD_POLYESTER;XIRECS;9856.0;1
83300;;;SLEEP_POD_SUEDE;XIRECS;10312.0;1
83300;;;SNACKPACK_CHOCOLATE;XIRECS;9765.0;1
83300;;;SNACKPACK_PISTACHIO;XIRECS;9879.0;1
83300;;;SNACKPACK_RASPBERRY;XIRECS;10060.0;1
83300;;;SNACKPACK_STRAWBERRY;XIRECS;10036.0;1
83300;;;SNACKPACK_VANILLA;XIRECS;10272.0;1
83300;;;TRANSLATOR_ASTRO_BLACK;XIRECS;10016.0;1
83300;;;TRANSLATOR_ECLIPSE_CHARCOAL;XIRECS;9576.0;1
83300;;;TRANSLATOR_GRAPHITE_MIST;XIRECS;9932.0;1
83300;;;TRANSLATOR_SPACE_GRAY;XIRECS;10159.0;1
83300;;;TRANSLATOR_VOID_BLUE;XIRECS;10120.0;1
83300;;;UV_VISOR_AMBER;XIRECS;9802.0;1
83300;;;UV_VISOR_MAGENTA;XIRECS;10088.0;1
83300;;;UV_VISOR_ORANGE;XIRECS;10088.0;1
83300;;;UV_VISOR_RED;XIRECS;10554.0;1
83300;;;UV_VISOR_YELLOW;XIRECS;9887.0;1
83400;;;MICROCHIP_CIRCLE;XIRECS;9299.0;3
83400;;;MICROCHIP_OVAL;XIRECS;9796.0;3
83400;;;MICROCHIP_RECTANGLE;XIRECS;10069.0;3
83400;;;MICROCHIP_SQUARE;XIRECS;9778.0;3
83400;;;MICROCHIP_TRIANGLE;XIRECS;10029.0;3
90200;;;GALAXY_SOUNDS_BLACK_HOLES;XIRECS;9980.0;4
90200;;;GALAXY_SOUNDS_DARK_MATTER;XIRECS;9829.0;4
90200;;;GALAXY_SOUNDS_PLANETARY_RINGS;XIRECS;10175.0;4
90200;;;GALAXY_SOUNDS_SOLAR_FLAMES;XIRECS;10487.0;4
90200;;;GALAXY_SOUNDS_SOLAR_WINDS;XIRECS;10142.0;4
90200;;;OXYGEN_SHAKE_CHOCOLATE;XIRECS;9896.0;4
90200;;;OXYGEN_SHAKE_EVENING_BREATH;XIRECS;10107.0;4
90200;;;OXYGEN_SHAKE_GARLIC;XIRECS;9676.0;4
90200;;;OXYGEN_SHAKE_MINT;XIRECS;10115.0;4
90200;;;OXYGEN_SHAKE_MORNING_BREATH;XIRECS;10364.0;4
90200;;;PANEL_1X2;XIRECS;9808.0;4
90200;;;PANEL_1X4;XIRECS;10025.0;4
90200;;;PANEL_2X2;XIRECS;10012.0;4
90200;;;PANEL_2X4;XIRECS;10346.0;4
90200;;;PANEL_4X4;XIRECS;10157.0;4
90200;;;ROBOT_DISHES;XIRECS;9498.0;4
90200;;;ROBOT_IRONING;XIRECS;9984.0;4
90200;;;ROBOT_LAUNDRY;XIRECS;10019.0;4
90200;;;ROBOT_MOPPING;XIRECS;10520.0;4
90200;;;ROBOT_VACUUMING;XIRECS;9568.0;4
90200;;;SLEEP_POD_COTTON;XIRECS;10306.0;4
90200;;;SLEEP_POD_LAMB_WOOL;XIRECS;10700.0;4
90200;;;SLEEP_POD_NYLON;XIRECS;9895.0;4
90200;;;SLEEP_POD_POLYESTER;XIRECS;9922.0;4
90200;;;SLEEP_POD_SUEDE;XIRECS;10294.0;4
90200;;;SNACKPACK_CHOCOLATE;XIRECS;9804.0;4
90200;;;SNACKPACK_PISTACHIO;XIRECS;9796.0;4
90200;;;SNACKPACK_RASPBERRY;XIRECS;10176.0;4
90200;;;SNACKPACK_STRAWBERRY;XIRECS;9919.0;4
90200;;;SNACKPACK_VANILLA;XIRECS;10273.0;4
90200;;;TRANSLATOR_ASTRO_BLACK;XIRECS;10013.0;4
90200;;;TRANSLATOR_ECLIPSE_CHARCOAL;XIRECS;9564.0;4
90200;;;TRANSLATOR_GRAPHITE_MIST;XIRECS;9977.0;4
90200;;;TRANSLATOR_SPACE_GRAY;XIRECS;10188.0;4
90200;;;TRANSLATOR_VOID_BLUE;XIRECS;10143.0;4
90200;;;UV_VISOR_AMBER;XIRECS;9846.0;4
90200;;;UV_VISOR_MAGENTA;XIRECS;10161.0;4
90200;;;UV_VISOR_ORANGE;XIRECS;10085.0;4
90200;;;UV_VISOR_RED;XIRECS;10754.0;4
90200;;;UV_VISOR_YELLOW;XIRECS;9857.0;4
91700;;;GALAXY_SOUNDS_BLACK_HOLES;XIRECS;9953.0;1
91700;;;GALAXY_SOUNDS_DARK_MATTER;XIRECS;9870.0;1
91700;;;GALAXY_SOUNDS_PLANETARY_RINGS;XIRECS;10219.0;1
91700;;;GALAXY_SOUNDS_SOLAR_FLAMES;XIRECS;10419.0;1
91700;;;GALAXY_SOUNDS_SOLAR_WINDS;XIRECS;10201.0;1
91700;;;OXYGEN_SHAKE_CHOCOLATE;XIRECS;9900.0;1
91700;;;OXYGEN_SHAKE_EVENING_BREATH;XIRECS;10100.0;1
91700;;;OXYGEN_SHAKE_GARLIC;XIRECS;9691.0;1
91700;;;OXYGEN_SHAKE_MINT;XIRECS;10094.0;1
91700;;;OXYGEN_SHAKE_MORNING_BREATH;XIRECS;10394.0;1
91700;;;PANEL_1X2;XIRECS;9850.0;1
91700;;;PANEL_1X4;XIRECS;10050.0;1
91700;;;PANEL_2X2;XIRECS;10051.0;1
91700;;;PANEL_2X4;XIRECS;10361.0;1
91700;;;PANEL_4X4;XIRECS;10221.0;1
91700;;;ROBOT_DISHES;XIRECS;9536.0;1
91700;;;ROBOT_IRONING;XIRECS;9990.0;1
91700;;;ROBOT_LAUNDRY;XIRECS;9977.0;1
91700;;;ROBOT_MOPPING;XIRECS;10497.0;1
91700;;;ROBOT_VACUUMING;XIRECS;9472.0;1
91700;;;SLEEP_POD_COTTON;XIRECS;10223.0;1
91700;;;SLEEP_POD_LAMB_WOOL;XIRECS;10775.0;1
91700;;;SLEEP_POD_NYLON;XIRECS;9897.0;1
91700;;;SLEEP_POD_POLYESTER;XIRECS;9908.0;1
91700;;;SLEEP_POD_SUEDE;XIRECS;10217.0;1
91700;;;SNACKPACK_CHOCOLATE;XIRECS;9841.0;1
91700;;;SNACKPACK_PISTACHIO;XIRECS;9815.0;1
91700;;;SNACKPACK_RASPBERRY;XIRECS;10109.0;1
91700;;;SNACKPACK_STRAWBERRY;XIRECS;9961.0;1
91700;;;SNACKPACK_VANILLA;XIRECS;10209.0;1
91700;;;TRANSLATOR_ASTRO_BLACK;XIRECS;9996.0;1
91700;;;TRANSLATOR_ECLIPSE_CHARCOAL;XIRECS;9605.0;1
91700;;;TRANSLATOR_GRAPHITE_MIST;XIRECS;10045.0;1
91700;;;TRANSLATOR_SPACE_GRAY;XIRECS;10158.0;1
91700;;;TRANSLATOR_VOID_BLUE;XIRECS;10155.0;1
91700;;;UV_VISOR_AMBER;XIRECS;9830.0;1
91700;;;UV_VISOR_MAGENTA;XIRECS;10148.0;1
91700;;;UV_VISOR_ORANGE;XIRECS;10087.0;1
91700;;;UV_VISOR_RED;XIRECS;10740.0;1
91700;;;UV_VISOR_YELLOW;XIRECS;9838.0;1
93100;;;MICROCHIP_CIRCLE;XIRECS;9228.0;2
93100;;;MICROCHIP_OVAL;XIRECS;9918.0;2
93100;;;MICROCHIP_RECTANGLE;XIRECS;9904.0;2
93100;;;MICROCHIP_SQUARE;XIRECS;9804.0;2
93100;;;MICROCHIP_TRIANGLE;XIRECS;9968.0;2
94800;;;PEBBLES_L;XIRECS;10087.0;3
94800;;;PEBBLES_M;XIRECS;9724.0;3
94800;;;PEBBLES_S;XIRECS;10112.0;3
94800;;;PEBBLES_XL;XIRECS;9818.0;3
94800;;;PEBBLES_XS;XIRECS;10226.0;3
95100;;;PEBBLES_L;XIRECS;10061.0;5
95100;;;PEBBLES_M;XIRECS;9739.0;5
95100;;;PEBBLES_S;XIRECS;10105.0;5
95100;;;PEBBLES_XL;XIRECS;9798.0;5
95100;;;PEBBLES_XS;XIRECS;10265.0;5
96200;;;MICROCHIP_CIRCLE;XIRECS;9311.0;1
96200;;;MICROCHIP_OVAL;XIRECS;9836.0;1
96200;;;MICROCHIP_RECTANGLE;XIRECS;9949.0;1
96200;;;MICROCHIP_SQUARE;XIRECS;9806.0;1
96200;;;MICROCHIP_TRIANGLE;XIRECS;9955.0;1
96800;;;MICROCHIP_CIRCLE;XIRECS;9353.0;1
96800;;;MICROCHIP_OVAL;XIRECS;9778.0;1
96800;;;MICROCHIP_RECTANGLE;XIRECS;9928.0;1
96800;;;MICROCHIP_SQUARE;XIRECS;9829.0;1
96800;;;MICROCHIP_TRIANGLE;XIRECS;9954.0;1
97000;;;PEBBLES_L;XIRECS;10144.0;3
97000;;;PEBBLES_M;XIRECS;9672.0;3
97000;;;PEBBLES_S;XIRECS;10119.0;3
97000;;;PEBBLES_XL;XIRECS;9857.0;3
97000;;;PEBBLES_XS;XIRECS;10176.0;3
98700;;;MICROCHIP_CIRCLE;XIRECS;9270.0;2
98700;;;MICROCHIP_OVAL;XIRECS;9889.0;2
98700;;;MICROCHIP_RECTANGLE;XIRECS;9904.0;2
98700;;;MICROCHIP_SQUARE;XIRECS;9855.0;2
98700;;;MICROCHIP_TRIANGLE;XIRECS;10031.0;2
102400;;;PEBBLES_L;XIRECS;10198.0;2
102400;;;PEBBLES_M;XIRECS;9650.0;2
102400;;;PEBBLES_S;XIRECS;10200.0;2
102400;;;PEBBLES_XL;XIRECS;9893.0;2
102400;;;PEBBLES_XS;XIRECS;10056.0;2
102800;;;GALAXY_SOUNDS_BLACK_HOLES;XIRECS;9922.0;3
102800;;;GALAXY_SOUNDS_DARK_MATTER;XIRECS;9883.0;3
102800;;;GALAXY_SOUNDS_PLANETARY_RINGS;XIRECS;10277.0;3
102800;;;GALAXY_SOUNDS_SOLAR_FLAMES;XIRECS;10580.0;3
102800;;;GALAXY_SOUNDS_SOLAR_WINDS;XIRECS;10153.0;3
102800;;;OXYGEN_SHAKE_CHOCOLATE;XIRECS;9806.0;3
102800;;;OXYGEN_SHAKE_EVENING_BREATH;XIRECS;10107.0;3
102800;;;OXYGEN_SHAKE_GARLIC;XIRECS;9807.0;3
102800;;;OXYGEN_SHAKE_MINT;XIRECS;9891.0;3
102800;;;OXYGEN_SHAKE_MORNING_BREATH;XIRECS;10541.0;3
102800;;;PANEL_1X2;XIRECS;9781.0;3
102800;;;PANEL_1X4;XIRECS;10057.0;3
102800;;;PANEL_2X2;XIRECS;10007.0;3
102800;;;PANEL_2X4;XIRECS;10133.0;3
102800;;;PANEL_4X4;XIRECS;10240.0;3
102800;;;ROBOT_DISHES;XIRECS;9392.0;3
102800;;;ROBOT_IRONING;XIRECS;9894.0;3
102800;;;ROBOT_LAUNDRY;XIRECS;9964.0;3
102800;;;ROBOT_MOPPING;XIRECS;10417.0;3
102800;;;ROBOT_VACUUMING;XIRECS;9425.0;3
102800;;;SLEEP_POD_COTTON;XIRECS;10291.0;3
102800;;;SLEEP_POD_LAMB_WOOL;XIRECS;10934.0;3
102800;;;SLEEP_POD_NYLON;XIRECS;9837.0;3
102800;;;SLEEP_POD_POLYESTER;XIRECS;10021.0;3
102800;;;SLEEP_POD_SUEDE;XIRECS;10304.0;3
102800;;;SNACKPACK_CHOCOLATE;XIRECS;9889.0;3
102800;;;SNACKPACK_PISTACHIO;XIRECS;9766.0;3
102800;;;SNACKPACK_RASPBERRY;XIRECS;10220.0;3
102800;;;SNACKPACK_STRAWBERRY;XIRECS;9905.0;3
102800;;;SNACKPACK_VANILLA;XIRECS;10171.0;3
102800;;;TRANSLATOR_ASTRO_BLACK;XIRECS;9979.0;3
102800;;;TRANSLATOR_ECLIPSE_CHARCOAL;XIRECS;9575.0;3
102800;;;TRANSLATOR_GRAPHITE_MIST;XIRECS;10141.0;3
102800;;;TRANSLATOR_SPACE_GRAY;XIRECS;9988.0;3
102800;;;TRANSLATOR_VOID_BLUE;XIRECS;10042.0;3
102800;;;UV_VISOR_AMBER;XIRECS;9908.0;3
102800;;;UV_VISOR_MAGENTA;XIRECS;10303.0;3
102800;;;UV_VISOR_ORANGE;XIRECS;10038.0;3
102800;;;UV_VISOR_RED;XIRECS;10771.0;3
102800;;;UV_VISOR_YELLOW;XIRECS;10001.0;3
103400;;;PEBBLES_L;XIRECS;10263.0;5
103400;;;PEBBLES_M;XIRECS;9578.0;5
103400;;;PEBBLES_S;XIRECS;10211.0;5
103400;;;PEBBLES_XL;XIRECS;9844.0;5
103400;;;PEBBLES_XS;XIRECS;10071.0;5
104000;;;GALAXY_SOUNDS_BLACK_HOLES;XIRECS;9960.0;2
104000;;;GALAXY_SOUNDS_DARK_MATTER;XIRECS;9930.0;2
104000;;;GALAXY_SOUNDS_PLANETARY_RINGS;XIRECS;10292.0;2
104000;;;GALAXY_SOUNDS_SOLAR_FLAMES;XIRECS;10592.0;2
104000;;;GALAXY_SOUNDS_SOLAR_WINDS;XIRECS;10174.0;2
104000;;;OXYGEN_SHAKE_CHOCOLATE;XIRECS;9836.0;2
104000;;;OXYGEN_SHAKE_EVENING_BREATH;XIRECS;10107.0;2
104000;;;OXYGEN_SHAKE_GARLIC;XIRECS;9887.0;2
104000;;;OXYGEN_SHAKE_MINT;XIRECS;9858.0;2
104000;;;OXYGEN_SHAKE_MORNING_BREATH;XIRECS;10498.0;2
104000;;;PANEL_1X2;XIRECS;9767.0;2
104000;;;PANEL_1X4;XIRECS;10072.0;2
104000;;;PANEL_2X2;XIRECS;10040.0;2
104000;;;PANEL_2X4;XIRECS;10140.0;2
104000;;;PANEL_4X4;XIRECS;10147.0;2
104000;;;ROBOT_DISHES;XIRECS;9339.0;2
104000;;;ROBOT_IRONING;XIRECS;9894.0;2
104000;;;ROBOT_LAUNDRY;XIRECS;9986.0;2
104000;;;ROBOT_MOPPING;XIRECS;10400.0;2
104000;;;ROBOT_VACUUMING;XIRECS;9395.0;2
104000;;;SLEEP_POD_COTTON;XIRECS;10323.0;2
104000;;;SLEEP_POD_LAMB_WOOL;XIRECS;10980.0;2
104000;;;SLEEP_POD_NYLON;XIRECS;9811.0;2
104000;;;SLEEP_POD_POLYESTER;XIRECS;10011.0;2
104000;;;SLEEP_POD_SUEDE;XIRECS;10307.0;2
104000;;;SNACKPACK_CHOCOLATE;XIRECS;9901.0;2
104000;;;SNACKPACK_PISTACHIO;XIRECS;9747.0;2
104000;;;SNACKPACK_RASPBERRY;XIRECS;10260.0;2
104000;;;SNACKPACK_STRAWBERRY;XIRECS;9876.0;2
104000;;;SNACKPACK_VANILLA;XIRECS;10170.0;2
104000;;;TRANSLATOR_ASTRO_BLACK;XIRECS;9976.0;2
104000;;;TRANSLATOR_ECLIPSE_CHARCOAL;XIRECS;9584.0;2
104000;;;TRANSLATOR_GRAPHITE_MIST;XIRECS;10129.0;2
104000;;;TRANSLATOR_SPACE_GRAY;XIRECS;9902.0;2
104000;;;TRANSLATOR_VOID_BLUE;XIRECS;10060.0;2
104000;;;UV_VISOR_AMBER;XIRECS;9896.0;2
104000;;;UV_VISOR_MAGENTA;XIRECS;10250.0;2
104000;;;UV_VISOR_ORANGE;XIRECS;10065.0;2
104000;;;UV_VISOR_RED;XIRECS;10747.0;2
104000;;;UV_VISOR_YELLOW;XIRECS;10021.0;2
104800;;;GALAXY_SOUNDS_BLACK_HOLES;XIRECS;9971.0;3
104800;;;GALAXY_SOUNDS_DARK_MATTER;XIRECS;9856.0;3
104800;;;GALAXY_SOUNDS_PLANETARY_RINGS;XIRECS;10331.0;3
104800;;;GALAXY_SOUNDS_SOLAR_FLAMES;XIRECS;10604.0;3
104800;;;GALAXY_SOUNDS_SOLAR_WINDS;XIRECS;10153.0;3
104800;;;OXYGEN_SHAKE_CHOCOLATE;XIRECS;9794.0;3
104800;;;OXYGEN_SHAKE_EVENING_BREATH;XIRECS;10093.0;3
104800;;;OXYGEN_SHAKE_GARLIC;XIRECS;9914.0;3
104800;;;OXYGEN_SHAKE_MINT;XIRECS;9811.0;3
104800;;;OXYGEN_SHAKE_MORNING_BREATH;XIRECS;10465.0;3
104800;;;PANEL_1X2;XIRECS;9745.0;3
104800;;;PANEL_1X4;XIRECS;10069.0;3
104800;;;PANEL_2X2;XIRECS;10070.0;3
104800;;;PANEL_2X4;XIRECS;10081.0;3
104800;;;PANEL_4X4;XIRECS;10134.0;3
104800;;;ROBOT_DISHES;XIRECS;9313.0;3
104800;;;ROBOT_IRONING;XIRECS;9886.0;3
104800;;;ROBOT_LAUNDRY;XIRECS;10003.0;3
104800;;;ROBOT_MOPPING;XIRECS;10374.0;3
104800;;;ROBOT_VACUUMING;XIRECS;9356.0;3
104800;;;SLEEP_POD_COTTON;XIRECS;10327.0;3
104800;;;SLEEP_POD_LAMB_WOOL;XIRECS;10977.0;3
104800;;;SLEEP_POD_NYLON;XIRECS;9831.0;3
104800;;;SLEEP_POD_POLYESTER;XIRECS;10020.0;3
104800;;;SLEEP_POD_SUEDE;XIRECS;10302.0;3
104800;;;SNACKPACK_CHOCOLATE;XIRECS;9864.0;3
104800;;;SNACKPACK_PISTACHIO;XIRECS;9738.0;3
104800;;;SNACKPACK_RASPBERRY;XIRECS;10241.0;3
104800;;;SNACKPACK_STRAWBERRY;XIRECS;9870.0;3
104800;;;SNACKPACK_VANILLA;XIRECS;10181.0;3
104800;;;TRANSLATOR_ASTRO_BLACK;XIRECS;10055.0;3
104800;;;TRANSLATOR_ECLIPSE_CHARCOAL;XIRECS;9538.0;3
104800;;;TRANSLATOR_GRAPHITE_MIST;XIRECS;10107.0;3
104800;;;TRANSLATOR_SPACE_GRAY;XIRECS;9897.0;3
104800;;;TRANSLATOR_VOID_BLUE;XIRECS;10089.0;3
104800;;;UV_VISOR_AMBER;XIRECS;9864.0;3
104800;;;UV_VISOR_MAGENTA;XIRECS;10218.0;3
104800;;;UV_VISOR_ORANGE;XIRECS;10002.0;3
104800;;;UV_VISOR_RED;XIRECS;10759.0;3
104800;;;UV_VISOR_YELLOW;XIRECS;9941.0;3
105100;;;PEBBLES_L;XIRECS;10343.0;5
105100;;;PEBBLES_M;XIRECS;9636.0;5
105100;;;PEBBLES_S;XIRECS;10114.0;5
105100;;;PEBBLES_XL;XIRECS;9733.0;5
105100;;;PEBBLES_XS;XIRECS;10141.0;5
106800;;;GALAXY_SOUNDS_BLACK_HOLES;XIRECS;9928.0;2
106800;;;GALAXY_SOUNDS_DARK_MATTER;XIRECS;9899.0;2
106800;;;GALAXY_SOUNDS_PLANETARY_RINGS;XIRECS;10346.0;2
106800;;;GALAXY_SOUNDS_SOLAR_FLAMES;XIRECS;10608.0;2
106800;;;GALAXY_SOUNDS_SOLAR_WINDS;XIRECS;10166.0;2
106800;;;OXYGEN_SHAKE_CHOCOLATE;XIRECS;9794.0;2
106800;;;OXYGEN_SHAKE_EVENING_BREATH;XIRECS;10093.0;2
106800;;;OXYGEN_SHAKE_GARLIC;XIRECS;9926.0;2
106800;;;OXYGEN_SHAKE_MINT;XIRECS;9827.0;2
106800;;;OXYGEN_SHAKE_MORNING_BREATH;XIRECS;10434.0;2
106800;;;PANEL_1X2;XIRECS;9711.0;2
106800;;;PANEL_1X4;XIRECS;10049.0;2
106800;;;PANEL_2X2;XIRECS;10015.0;2
106800;;;PANEL_2X4;XIRECS;10068.0;2
106800;;;PANEL_4X4;XIRECS;10064.0;2
106800;;;ROBOT_DISHES;XIRECS;9353.0;2
106800;;;ROBOT_IRONING;XIRECS;9886.0;2
106800;;;ROBOT_LAUNDRY;XIRECS;10072.0;2
106800;;;ROBOT_MOPPING;XIRECS;10350.0;2
106800;;;ROBOT_VACUUMING;XIRECS;9358.0;2
106800;;;SLEEP_POD_COTTON;XIRECS;10317.0;2
106800;;;SLEEP_POD_LAMB_WOOL;XIRECS;10938.0;2
106800;;;SLEEP_POD_NYLON;XIRECS;9836.0;2
106800;;;SLEEP_POD_POLYESTER;XIRECS;10068.0;2
106800;;;SLEEP_POD_SUEDE;XIRECS;10404.0;2
106800;;;SNACKPACK_CHOCOLATE;XIRECS;9858.0;2
106800;;;SNACKPACK_PISTACHIO;XIRECS;9707.0;2
106800;;;SNACKPACK_RASPBERRY;XIRECS;10249.0;2
106800;;;SNACKPACK_STRAWBERRY;XIRECS;9859.0;2
106800;;;SNACKPACK_VANILLA;XIRECS;10186.0;2
106800;;;TRANSLATOR_ASTRO_BLACK;XIRECS;10050.0;2
106800;;;TRANSLATOR_ECLIPSE_CHARCOAL;XIRECS;9585.0;2
106800;;;TRANSLATOR_GRAPHITE_MIST;XIRECS;10122.0;2
106800;;;TRANSLATOR_SPACE_GRAY;XIRECS;9846.0;2
106800;;;TRANSLATOR_VOID_BLUE;XIRECS;10058.0;2
106800;;;UV_VISOR_AMBER;XIRECS;9836.0;2
106800;;;UV_VISOR_MAGENTA;XIRECS;10222.0;2
106800;;;UV_VISOR_ORANGE;XIRECS;9944.0;2
106800;;;UV_VISOR_RED;XIRECS;10742.0;2
106800;;;UV_VISOR_YELLOW;XIRECS;9979.0;2
109000;;;PEBBLES_L;XIRECS;10361.0;3
109000;;;PEBBLES_M;XIRECS;9751.0;3
109000;;;PEBBLES_S;XIRECS;10123.0;3
109000;;;PEBBLES_XL;XIRECS;9518.0;3
109000;;;PEBBLES_XS;XIRECS;10279.0;3
109300;;;MICROCHIP_CIRCLE;XIRECS;9235.0;3
109300;;;MICROCHIP_OVAL;XIRECS;9854.0;3
109300;;;MICROCHIP_RECTANGLE;XIRECS;10025.0;3
109300;;;MICROCHIP_SQUARE;XIRECS;10015.0;3
109300;;;MICROCHIP_TRIANGLE;XIRECS;9964.0;3
109600;;;GALAXY_SOUNDS_BLACK_HOLES;XIRECS;9929.0;4
109600;;;GALAXY_SOUNDS_DARK_MATTER;XIRECS;9874.0;4
109600;;;GALAXY_SOUNDS_PLANETARY_RINGS;XIRECS;10383.0;4
109600;;;GALAXY_SOUNDS_SOLAR_FLAMES;XIRECS;10583.0;4
109600;;;GALAXY_SOUNDS_SOLAR_WINDS;XIRECS;10097.0;4
109600;;;OXYGEN_SHAKE_CHOCOLATE;XIRECS;9836.0;4
109600;;;OXYGEN_SHAKE_EVENING_BREATH;XIRECS;10107.0;4
109600;;;OXYGEN_SHAKE_GARLIC;XIRECS;9908.0;4
109600;;;OXYGEN_SHAKE_MINT;XIRECS;9913.0;4
109600;;;OXYGEN_SHAKE_MORNING_BREATH;XIRECS;10503.0;4
109600;;;PANEL_1X2;XIRECS;9660.0;4
109600;;;PANEL_1X4;XIRECS;10057.0;4
109600;;;PANEL_2X2;XIRECS;9943.0;4
109600;;;PANEL_2X4;XIRECS;10084.0;4
109600;;;PANEL_4X4;XIRECS;10103.0;4
109600;;;ROBOT_DISHES;XIRECS;9379.0;4
109600;;;ROBOT_IRONING;XIRECS;9834.0;4
109600;;;ROBOT_LAUNDRY;XIRECS;10091.0;4
109600;;;ROBOT_MOPPING;XIRECS;10284.0;4
109600;;;ROBOT_VACUUMING;XIRECS;9386.0;4
109600;;;SLEEP_POD_COTTON;XIRECS;10405.0;4
109600;;;SLEEP_POD_LAMB_WOOL;XIRECS;10948.0;4
109600;;;SLEEP_POD_NYLON;XIRECS;9807.0;4
109600;;;SLEEP_POD_POLYESTER;XIRECS;10129.0;4
109600;;;SLEEP_POD_SUEDE;XIRECS;10477.0;4
109600;;;SNACKPACK_CHOCOLATE;XIRECS;9830.0;4
109600;;;SNACKPACK_PISTACHIO;XIRECS;9708.0;4
109600;;;SNACKPACK_RASPBERRY;XIRECS;10312.0;4
109600;;;SNACKPACK_STRAWBERRY;XIRECS;9842.0;4
109600;;;SNACKPACK_VANILLA;XIRECS;10242.0;4
109600;;;TRANSLATOR_ASTRO_BLACK;XIRECS;10106.0;4
109600;;;TRANSLATOR_ECLIPSE_CHARCOAL;XIRECS;9670.0;4
109600;;;TRANSLATOR_GRAPHITE_MIST;XIRECS;10058.0;4
109600;;;TRANSLATOR_SPACE_GRAY;XIRECS;9929.0;4
109600;;;TRANSLATOR_VOID_BLUE;XIRECS;9950.0;4
109600;;;UV_VISOR_AMBER;XIRECS;9818.0;4
109600;;;UV_VISOR_MAGENTA;XIRECS;10231.0;4
109600;;;UV_VISOR_ORANGE;XIRECS;10011.0;4
109600;;;UV_VISOR_RED;XIRECS;10812.0;4
109600;;;UV_VISOR_YELLOW;XIRECS;9997.0;4
110300;;;MICROCHIP_CIRCLE;XIRECS;9226.0;2
110300;;;MICROCHIP_OVAL;XIRECS;9840.0;2
110300;;;MICROCHIP_RECTANGLE;XIRECS;10021.0;2
110300;;;MICROCHIP_SQUARE;XIRECS;10067.0;2
110300;;;MICROCHIP_TRIANGLE;XIRECS;9873.0;2
110700;;;GALAXY_SOUNDS_BLACK_HOLES;XIRECS;9913.0;1
110700;;;GALAXY_SOUNDS_DARK_MATTER;XIRECS;9779.0;1
110700;;;GALAXY_SOUNDS_PLANETARY_RINGS;XIRECS;10422.0;1
110700;;;GALAXY_SOUNDS_SOLAR_FLAMES;XIRECS;10555.0;1
110700;;;GALAXY_SOUNDS_SOLAR_WINDS;XIRECS;10088.0;1
110700;;;OXYGEN_SHAKE_CHOCOLATE;XIRECS;9854.0;1
110700;;;OXYGEN_SHAKE_EVENING_BREATH;XIRECS;10093.0;1
110700;;;OXYGEN_SHAKE_GARLIC;XIRECS;9877.0;1
110700;;;OXYGEN_SHAKE_MINT;XIRECS;9878.0;1
110700;;;OXYGEN_SHAKE_MORNING_BREATH;XIRECS;10499.0;1
110700;;;PANEL_1X2;XIRECS;9606.0;1
110700;;;PANEL_1X4;XIRECS;10038.0;1
110700;;;PANEL_2X2;XIRECS;9905.0;1
110700;;;PANEL_2X4;XIRECS;10076.0;1
110700;;;PANEL_4X4;XIRECS;10069.0;1
110700;;;ROBOT_DISHES;XIRECS;9388.0;1
110700;;;ROBOT_IRONING;XIRECS;9826.0;1
110700;;;ROBOT_LAUNDRY;XIRECS;9994.0;1
110700;;;ROBOT_MOPPING;XIRECS;10284.0;1
110700;;;ROBOT_VACUUMING;XIRECS;9318.0;1
110700;;;SLEEP_POD_COTTON;XIRECS;10392.0;1
110700;;;SLEEP_POD_LAMB_WOOL;XIRECS;10971.0;1
110700;;;SLEEP_POD_NYLON;XIRECS;9790.0;1
110700;;;SLEEP_POD_POLYESTER;XIRECS;10108.0;1
110700;;;SLEEP_POD_SUEDE;XIRECS;10437.0;1
110700;;;SNACKPACK_CHOCOLATE;XIRECS;9816.0;1
110700;;;SNACKPACK_PISTACHIO;XIRECS;9706.0;1
110700;;;SNACKPACK_RASPBERRY;XIRECS;10273.0;1
110700;;;SNACKPACK_STRAWBERRY;XIRECS;9846.0;1
110700;;;SNACKPACK_VANILLA;XIRECS;10220.0;1
110700;;;TRANSLATOR_ASTRO_BLACK;XIRECS;10070.0;1
110700;;;TRANSLATOR_ECLIPSE_CHARCOAL;XIRECS;9685.0;1
110700;;;TRANSLATOR_GRAPHITE_MIST;XIRECS;10118.0;1
110700;;;TRANSLATOR_SPACE_GRAY;XIRECS;9961.0;1
110700;;;TRANSLATOR_VOID_BLUE;XIRECS;9945.0;1
110700;;;UV_VISOR_AMBER;XIRECS;9783.0;1
110700;;;UV_VISOR_MAGENTA;XIRECS;10221.0;1
110700;;;UV_VISOR_ORANGE;XIRECS;9958.0;1
110700;;;UV_VISOR_RED;XIRECS;10828.0;1
110700;;;UV_VISOR_YELLOW;XIRECS;9971.0;1
113100;;;MICROCHIP_CIRCLE;XIRECS;9262.0;2
113100;;;MICROCHIP_OVAL;XIRECS;9781.0;2
113100;;;MICROCHIP_RECTANGLE;XIRECS;10019.0;2
113100;;;MICROCHIP_SQUARE;XIRECS;10074.0;2
113100;;;MICROCHIP_TRIANGLE;XIRECS;9933.0;2
113800;;;GALAXY_SOUNDS_BLACK_HOLES;XIRECS;9878.0;3
113800;;;GALAXY_SOUNDS_DARK_MATTER;XIRECS;9717.0;3
113800;;;GALAXY_SOUNDS_PLANETARY_RINGS;XIRECS;10412.0;3
113800;;;GALAXY_SOUNDS_SOLAR_FLAMES;XIRECS;10584.0;3
113800;;;GALAXY_SOUNDS_SOLAR_WINDS;XIRECS;10160.0;3
113800;;;OXYGEN_SHAKE_CHOCOLATE;XIRECS;9904.0;3
113800;;;OXYGEN_SHAKE_EVENING_BREATH;XIRECS;10093.0;3
113800;;;OXYGEN_SHAKE_GARLIC;XIRECS;9910.0;3
113800;;;OXYGEN_SHAKE_MINT;XIRECS;9918.0;3
113800;;;OXYGEN_SHAKE_MORNING_BREATH;XIRECS;10568.0;3
113800;;;PANEL_1X2;XIRECS;9520.0;3
113800;;;PANEL_1X4;XIRECS;10074.0;3
113800;;;PANEL_2X2;XIRECS;9910.0;3
113800;;;PANEL_2X4;XIRECS;10107.0;3
113800;;;PANEL_4X4;XIRECS;10096.0;3
113800;;;ROBOT_DISHES;XIRECS;9413.0;3
113800;;;ROBOT_IRONING;XIRECS;9826.0;3
113800;;;ROBOT_LAUNDRY;XIRECS;10027.0;3
113800;;;ROBOT_MOPPING;XIRECS;10208.0;3
113800;;;ROBOT_VACUUMING;XIRECS;9262.0;3
113800;;;SLEEP_POD_COTTON;XIRECS;10460.0;3
113800;;;SLEEP_POD_LAMB_WOOL;XIRECS;11021.0;3
113800;;;SLEEP_POD_NYLON;XIRECS;9780.0;3
113800;;;SLEEP_POD_POLYESTER;XIRECS;10137.0;3
113800;;;SLEEP_POD_SUEDE;XIRECS;10395.0;3
113800;;;SNACKPACK_CHOCOLATE;XIRECS;9835.0;3
113800;;;SNACKPACK_PISTACHIO;XIRECS;9701.0;3
113800;;;SNACKPACK_RASPBERRY;XIRECS;10280.0;3
113800;;;SNACKPACK_STRAWBERRY;XIRECS;9835.0;3
113800;;;SNACKPACK_VANILLA;XIRECS;10206.0;3
113800;;;TRANSLATOR_ASTRO_BLACK;XIRECS;9956.0;3
113800;;;TRANSLATOR_ECLIPSE_CHARCOAL;XIRECS;9696.0;3
113800;;;TRANSLATOR_GRAPHITE_MIST;XIRECS;10069.0;3
113800;;;TRANSLATOR_SPACE_GRAY;XIRECS;10097.0;3
113800;;;TRANSLATOR_VOID_BLUE;XIRECS;9985.0;3
113800;;;UV_VISOR_AMBER;XIRECS;9905.0;3
113800;;;UV_VISOR_MAGENTA;XIRECS;10236.0;3
113800;;;UV_VISOR_ORANGE;XIRECS;9877.0;3
113800;;;UV_VISOR_RED;XIRECS;10858.0;3
113800;;;UV_VISOR_YELLOW;XIRECS;9939.0;3
115200;;;MICROCHIP_CIRCLE;XIRECS;9255.0;2
115200;;;MICROCHIP_OVAL;XIRECS;9665.0;2
115200;;;MICROCHIP_RECTANGLE;XIRECS;10015.0;2
115200;;;MICROCHIP_SQUARE;XIRECS;10027.0;2
115200;;;MICROCHIP_TRIANGLE;XIRECS;9955.0;2
117100;;;MICROCHIP_CIRCLE;XIRECS;9266.0;1
117100;;;MICROCHIP_OVAL;XIRECS;9734.0;1
117100;;;MICROCHIP_RECTANGLE;XIRECS;10081.0;1
117100;;;MICROCHIP_SQUARE;XIRECS;10046.0;1
117100;;;MICROCHIP_TRIANGLE;XIRECS;9921.0;1
119500;;;PEBBLES_L;XIRECS;10465.0;4
119500;;;PEBBLES_M;XIRECS;9896.0;4
119500;;;PEBBLES_S;XIRECS;9906.0;4
119500;;;PEBBLES_XL;XIRECS;9440.0;4
119500;;;PEBBLES_XS;XIRECS;10261.0;4
119700;;;PEBBLES_L;XIRECS;10446.0;5
119700;;;PEBBLES_M;XIRECS;9892.0;5
119700;;;PEBBLES_S;XIRECS;9913.0;5
119700;;;PEBBLES_XL;XIRECS;9471.0;5
119700;;;PEBBLES_XS;XIRECS;10245.0;5
119900;;;PEBBLES_L;XIRECS;10446.0;4
119900;;;PEBBLES_M;XIRECS;9913.0;4
119900;;;PEBBLES_S;XIRECS;9905.0;4
119900;;;PEBBLES_XL;XIRECS;9466.0;4
119900;;;PEBBLES_XS;XIRECS;10237.0;4
121100;;;GALAXY_SOUNDS_BLACK_HOLES;XIRECS;9981.0;4
121100;;;GALAXY_SOUNDS_DARK_MATTER;XIRECS;9790.0;4
121100;;;GALAXY_SOUNDS_PLANETARY_RINGS;XIRECS;10366.0;4
121100;;;GALAXY_SOUNDS_SOLAR_FLAMES;XIRECS;10713.0;4
121100;;;GALAXY_SOUNDS_SOLAR_WINDS;XIRECS;10176.0;4
121100;;;OXYGEN_SHAKE_CHOCOLATE;XIRECS;10006.0;4
121100;;;OXYGEN_SHAKE_EVENING_BREATH;XIRECS;10107.0;4
121100;;;OXYGEN_SHAKE_GARLIC;XIRECS;10114.0;4
121100;;;OXYGEN_SHAKE_MINT;XIRECS;9879.0;4
121100;;;OXYGEN_SHAKE_MORNING_BREATH;XIRECS;10784.0;4
121100;;;PANEL_1X2;XIRECS;9488.0;4
121100;;;PANEL_1X4;XIRECS;10101.0;4
121100;;;PANEL_2X2;XIRECS;9850.0;4
121100;;;PANEL_2X4;XIRECS;10142.0;4
121100;;;PANEL_4X4;XIRECS;10037.0;4
121100;;;ROBOT_DISHES;XIRECS;9284.0;4
121100;;;ROBOT_IRONING;XIRECS;9744.0;4
121100;;;ROBOT_LAUNDRY;XIRECS;10063.0;4
121100;;;ROBOT_MOPPING;XIRECS;10233.0;4
121100;;;ROBOT_VACUUMING;XIRECS;9240.0;4
121100;;;SLEEP_POD_COTTON;XIRECS;10646.0;4
121100;;;SLEEP_POD_LAMB_WOOL;XIRECS;10984.0;4
121100;;;SLEEP_POD_NYLON;XIRECS;9694.0;4
121100;;;SLEEP_POD_POLYESTER;XIRECS;10202.0;4
121100;;;SLEEP_POD_SUEDE;XIRECS;10507.0;4
121100;;;SNACKPACK_CHOCOLATE;XIRECS;9932.0;4
121100;;;SNACKPACK_PISTACHIO;XIRECS;9717.0;4
121100;;;SNACKPACK_RASPBERRY;XIRECS;10299.0;4
121100;;;SNACKPACK_STRAWBERRY;XIRECS;9863.0;4
121100;;;SNACKPACK_VANILLA;XIRECS;10129.0;4
121100;;;TRANSLATOR_ASTRO_BLACK;XIRECS;9954.0;4
121100;;;TRANSLATOR_ECLIPSE_CHARCOAL;XIRECS;9761.0;4
121100;;;TRANSLATOR_GRAPHITE_MIST;XIRECS;10025.0;4
121100;;;TRANSLATOR_SPACE_GRAY;XIRECS;10074.0;4
121100;;;TRANSLATOR_VOID_BLUE;XIRECS;10001.0;4
121100;;;UV_VISOR_AMBER;XIRECS;9975.0;4
121100;;;UV_VISOR_MAGENTA;XIRECS;10311.0;4
121100;;;UV_VISOR_ORANGE;XIRECS;9986.0;4
121100;;;UV_VISOR_RED;XIRECS;10825.0;4
121100;;;UV_VISOR_YELLOW;XIRECS;9874.0;4
121400;;;MICROCHIP_CIRCLE;XIRECS;9313.0;1
121400;;;MICROCHIP_OVAL;XIRECS;9739.0;1
121400;;;MICROCHIP_RECTANGLE;XIRECS;9984.0;1
121400;;;MICROCHIP_SQUARE;XIRECS;10175.0;1
121400;;;MICROCHIP_TRIANGLE;XIRECS;10123.0;1
122800;;;PEBBLES_L;XIRECS;10448.0;5
122800;;;PEBBLES_M;XIRECS;9939.0;5
122800;;;PEBBLES_S;XIRECS;9982.0;5
122800;;;PEBBLES_XL;XIRECS;9368.0;5
122800;;;PEBBLES_XS;XIRECS;10231.0;5
123300;;;GALAXY_SOUNDS_BLACK_HOLES;XIRECS;9941.0;2
123300;;;GALAXY_SOUNDS_DARK_MATTER;XIRECS;9819.0;2
123300;;;GALAXY_SOUNDS_PLANETARY_RINGS;XIRECS;10390.0;2
123300;;;GALAXY_SOUNDS_SOLAR_FLAMES;XIRECS;10729.0;2
123300;;;GALAXY_SOUNDS_SOLAR_WINDS;XIRECS;10163.0;2
123300;;;OXYGEN_SHAKE_CHOCOLATE;XIRECS;10006.0;2
123300;;;OXYGEN_SHAKE_EVENING_BREATH;XIRECS;10006.0;2
123300;;;OXYGEN_SHAKE_GARLIC;XIRECS;10094.0;2
123300;;;OXYGEN_SHAKE_MINT;XIRECS;9870.0;2
123300;;;OXYGEN_SHAKE_MORNING_BREATH;XIRECS;10721.0;2
123300;;;PANEL_1X2;XIRECS;9496.0;2
123300;;;PANEL_1X4;XIRECS;10095.0;2
123300;;;PANEL_2X2;XIRECS;9803.0;2
123300;;;PANEL_2X4;XIRECS;10166.0;2
123300;;;PANEL_4X4;XIRECS;10064.0;2
123300;;;ROBOT_DISHES;XIRECS;9194.0;2
123300;;;ROBOT_IRONING;XIRECS;9774.0;2
123300;;;ROBOT_LAUNDRY;XIRECS;10039.0;2
123300;;;ROBOT_MOPPING;XIRECS;10264.0;2
123300;;;ROBOT_VACUUMING;XIRECS;9251.0;2
123300;;;SLEEP_POD_COTTON;XIRECS;10676.0;2
123300;;;SLEEP_POD_LAMB_WOOL;XIRECS;11012.0;2
123300;;;SLEEP_POD_NYLON;XIRECS;9765.0;2
123300;;;SLEEP_POD_POLYESTER;XIRECS;10171.0;2
123300;;;SLEEP_POD_SUEDE;XIRECS;10509.0;2
123300;;;SNACKPACK_CHOCOLATE;XIRECS;9942.0;2
123300;;;SNACKPACK_PISTACHIO;XIRECS;9699.0;2
123300;;;SNACKPACK_RASPBERRY;XIRECS;10326.0;2
123300;;;SNACKPACK_STRAWBERRY;XIRECS;9848.0;2
123300;;;SNACKPACK_VANILLA;XIRECS;10121.0;2
123300;;;TRANSLATOR_ASTRO_BLACK;XIRECS;10017.0;2
123300;;;TRANSLATOR_ECLIPSE_CHARCOAL;XIRECS;9785.0;2
123300;;;TRANSLATOR_GRAPHITE_MIST;XIRECS;9937.0;2
123300;;;TRANSLATOR_SPACE_GRAY;XIRECS;10106.0;2
123300;;;TRANSLATOR_VOID_BLUE;XIRECS;9957.0;2
123300;;;UV_VISOR_AMBER;XIRECS;9938.0;2
123300;;;UV_VISOR_MAGENTA;XIRECS;10245.0;2
123300;;;UV_VISOR_ORANGE;XIRECS;10002.0;2
123300;;;UV_VISOR_RED;XIRECS;10890.0;2
123300;;;UV_VISOR_YELLOW;XIRECS;9869.0;2
124800;;;PEBBLES_L;XIRECS;10605.0;3
124800;;;PEBBLES_M;XIRECS;10043.0;3
124800;;;PEBBLES_S;XIRECS;10001.0;3
124800;;;PEBBLES_XL;XIRECS;9211.0;3
124800;;;PEBBLES_XS;XIRECS;10172.0;3
126600;;;GALAXY_SOUNDS_BLACK_HOLES;XIRECS;10016.0;1
126600;;;GALAXY_SOUNDS_DARK_MATTER;XIRECS;9813.0;1
126600;;;GALAXY_SOUNDS_PLANETARY_RINGS;XIRECS;10347.0;1
126600;;;GALAXY_SOUNDS_SOLAR_FLAMES;XIRECS;10718.0;1
126600;;;GALAXY_SOUNDS_SOLAR_WINDS;XIRECS;10221.0;1
126600;;;OXYGEN_SHAKE_CHOCOLATE;XIRECS;9916.0;1
126600;;;OXYGEN_SHAKE_EVENING_BREATH;XIRECS;10107.0;1
126600;;;OXYGEN_SHAKE_GARLIC;XIRECS;10090.0;1
126600;;;OXYGEN_SHAKE_MINT;XIRECS;9912.0;1
126600;;;OXYGEN_SHAKE_MORNING_BREATH;XIRECS;10730.0;1
126600;;;PANEL_1X2;XIRECS;9541.0;1
126600;;;PANEL_1X4;XIRECS;10091.0;1
126600;;;PANEL_2X2;XIRECS;9689.0;1
126600;;;PANEL_2X4;XIRECS;10118.0;1
126600;;;PANEL_4X4;XIRECS;10099.0;1
126600;;;ROBOT_DISHES;XIRECS;9201.0;1
126600;;;ROBOT_IRONING;XIRECS;9744.0;1
126600;;;ROBOT_LAUNDRY;XIRECS;10093.0;1
126600;;;ROBOT_MOPPING;XIRECS;10281.0;1
126600;;;ROBOT_VACUUMING;XIRECS;9285.0;1
126600;;;SLEEP_POD_COTTON;XIRECS;10673.0;1
126600;;;SLEEP_POD_LAMB_WOOL;XIRECS;10896.0;1
126600;;;SLEEP_POD_NYLON;XIRECS;9775.0;1
126600;;;SLEEP_POD_POLYESTER;XIRECS;10146.0;1
126600;;;SLEEP_POD_SUEDE;XIRECS;10452.0;1
126600;;;SNACKPACK_CHOCOLATE;XIRECS;9896.0;1
126600;;;SNACKPACK_PISTACHIO;XIRECS;9697.0;1
126600;;;SNACKPACK_RASPBERRY;XIRECS;10327.0;1
126600;;;SNACKPACK_STRAWBERRY;XIRECS;9860.0;1
126600;;;SNACKPACK_VANILLA;XIRECS;10191.0;1
126600;;;TRANSLATOR_ASTRO_BLACK;XIRECS;10035.0;1
126600;;;TRANSLATOR_ECLIPSE_CHARCOAL;XIRECS;9743.0;1
126600;;;TRANSLATOR_GRAPHITE_MIST;XIRECS;9884.0;1
126600;;;TRANSLATOR_SPACE_GRAY;XIRECS;10079.0;1
126600;;;TRANSLATOR_VOID_BLUE;XIRECS;10012.0;1
126600;;;UV_VISOR_AMBER;XIRECS;9840.0;1
126600;;;UV_VISOR_MAGENTA;XIRECS;10279.0;1
126600;;;UV_VISOR_ORANGE;XIRECS;9941.0;1
126600;;;UV_VISOR_RED;XIRECS;10843.0;1
126600;;;UV_VISOR_YELLOW;XIRECS;9844.0;1
127200;;;GALAXY_SOUNDS_BLACK_HOLES;XIRECS;9981.0;1
127200;;;GALAXY_SOUNDS_DARK_MATTER;XIRECS;9802.0;1
127200;;;GALAXY_SOUNDS_PLANETARY_RINGS;XIRECS;10362.0;1
127200;;;GALAXY_SOUNDS_SOLAR_FLAMES;XIRECS;10687.0;1
127200;;;GALAXY_SOUNDS_SOLAR_WINDS;XIRECS;10207.0;1
127200;;;OXYGEN_SHAKE_CHOCOLATE;XIRECS;9864.0;1
127200;;;OXYGEN_SHAKE_EVENING_BREATH;XIRECS;10093.0;1
127200;;;OXYGEN_SHAKE_GARLIC;XIRECS;10102.0;1
127200;;;OXYGEN_SHAKE_MINT;XIRECS;9926.0;1
127200;;;OXYGEN_SHAKE_MORNING_BREATH;XIRECS;10688.0;1
127200;;;PANEL_1X2;XIRECS;9519.0;1
127200;;;PANEL_1X4;XIRECS;10037.0;1
127200;;;PANEL_2X2;XIRECS;9656.0;1
127200;;;PANEL_2X4;XIRECS;10074.0;1
127200;;;PANEL_4X4;XIRECS;10092.0;1
127200;;;ROBOT_DISHES;XIRECS;9203.0;1
127200;;;ROBOT_IRONING;XIRECS;9756.0;1
127200;;;ROBOT_LAUNDRY;XIRECS;10088.0;1
127200;;;ROBOT_MOPPING;XIRECS;10259.0;1
127200;;;ROBOT_VACUUMING;XIRECS;9311.0;1
127200;;;SLEEP_POD_COTTON;XIRECS;10669.0;1
127200;;;SLEEP_POD_LAMB_WOOL;XIRECS;10883.0;1
127200;;;SLEEP_POD_NYLON;XIRECS;9727.0;1
127200;;;SLEEP_POD_POLYESTER;XIRECS;10179.0;1
127200;;;SLEEP_POD_SUEDE;XIRECS;10414.0;1
127200;;;SNACKPACK_CHOCOLATE;XIRECS;9872.0;1
127200;;;SNACKPACK_PISTACHIO;XIRECS;9665.0;1
127200;;;SNACKPACK_RASPBERRY;XIRECS;10317.0;1
127200;;;SNACKPACK_STRAWBERRY;XIRECS;9829.0;1
127200;;;SNACKPACK_VANILLA;XIRECS;10184.0;1
127200;;;TRANSLATOR_ASTRO_BLACK;XIRECS;10071.0;1
127200;;;TRANSLATOR_ECLIPSE_CHARCOAL;XIRECS;9725.0;1
127200;;;TRANSLATOR_GRAPHITE_MIST;XIRECS;9904.0;1
127200;;;TRANSLATOR_SPACE_GRAY;XIRECS;10096.0;1
127200;;;TRANSLATOR_VOID_BLUE;XIRECS;10028.0;1
127200;;;UV_VISOR_AMBER;XIRECS;9845.0;1
127200;;;UV_VISOR_MAGENTA;XIRECS;10292.0;1
127200;;;UV_VISOR_ORANGE;XIRECS;9954.0;1
127200;;;UV_VISOR_RED;XIRECS;10847.0;1
127200;;;UV_VISOR_YELLOW;XIRECS;9818.0;1
127500;;;GALAXY_SOUNDS_BLACK_HOLES;XIRECS;9983.0;3
127500;;;GALAXY_SOUNDS_DARK_MATTER;XIRECS;9806.0;3
127500;;;GALAXY_SOUNDS_PLANETARY_RINGS;XIRECS;10380.0;3
127500;;;GALAXY_SOUNDS_SOLAR_FLAMES;XIRECS;10697.0;3
127500;;;GALAXY_SOUNDS_SOLAR_WINDS;XIRECS;10217.0;3
127500;;;OXYGEN_SHAKE_CHOCOLATE;XIRECS;9906.0;3
127500;;;OXYGEN_SHAKE_EVENING_BREATH;XIRECS;10107.0;3
127500;;;OXYGEN_SHAKE_GARLIC;XIRECS;10110.0;3
127500;;;OXYGEN_SHAKE_MINT;XIRECS;9954.0;3
127500;;;OXYGEN_SHAKE_MORNING_BREATH;XIRECS;10717.0;3
127500;;;PANEL_1X2;XIRECS;9521.0;3
127500;;;PANEL_1X4;XIRECS;10047.0;3
127500;;;PANEL_2X2;XIRECS;9678.0;3
127500;;;PANEL_2X4;XIRECS;10070.0;3
127500;;;PANEL_4X4;XIRECS;10135.0;3
127500;;;ROBOT_DISHES;XIRECS;9217.0;3
127500;;;ROBOT_IRONING;XIRECS;9754.0;3
127500;;;ROBOT_LAUNDRY;XIRECS;10109.0;3
127500;;;ROBOT_MOPPING;XIRECS;10303.0;3
127500;;;ROBOT_VACUUMING;XIRECS;9300.0;3
127500;;;SLEEP_POD_COTTON;XIRECS;10655.0;3
127500;;;SLEEP_POD_LAMB_WOOL;XIRECS;10915.0;3
127500;;;SLEEP_POD_NYLON;XIRECS;9750.0;3
127500;;;SLEEP_POD_POLYESTER;XIRECS;10177.0;3
127500;;;SLEEP_POD_SUEDE;XIRECS;10405.0;3
127500;;;SNACKPACK_CHOCOLATE;XIRECS;9906.0;3
127500;;;SNACKPACK_PISTACHIO;XIRECS;9684.0;3
127500;;;SNACKPACK_RASPBERRY;XIRECS;10333.0;3
127500;;;SNACKPACK_STRAWBERRY;XIRECS;9849.0;3
127500;;;SNACKPACK_VANILLA;XIRECS;10181.0;3
127500;;;TRANSLATOR_ASTRO_BLACK;XIRECS;10076.0;3
127500;;;TRANSLATOR_ECLIPSE_CHARCOAL;XIRECS;9717.0;3
127500;;;TRANSLATOR_GRAPHITE_MIST;XIRECS;9915.0;3
127500;;;TRANSLATOR_SPACE_GRAY;XIRECS;10124.0;3
127500;;;TRANSLATOR_VOID_BLUE;XIRECS;10035.0;3
127500;;;UV_VISOR_AMBER;XIRECS;9818.0;3
127500;;;UV_VISOR_MAGENTA;XIRECS;10316.0;3
127500;;;UV_VISOR_ORANGE;XIRECS;9982.0;3
127500;;;UV_VISOR_RED;XIRECS;10867.0;3
127500;;;UV_VISOR_YELLOW;XIRECS;9839.0;3
132000;;;GALAXY_SOUNDS_BLACK_HOLES;XIRECS;9999.0;4
132000;;;GALAXY_SOUNDS_DARK_MATTER;XIRECS;9745.0;4
132000;;;GALAXY_SOUNDS_PLANETARY_RINGS;XIRECS;10295.0;4
132000;;;GALAXY_SOUNDS_SOLAR_FLAMES;XIRECS;10848.0;4
132000;;;GALAXY_SOUNDS_SOLAR_WINDS;XIRECS;10269.0;4
132000;;;OXYGEN_SHAKE_CHOCOLATE;XIRECS;9856.0;4
132000;;;OXYGEN_SHAKE_EVENING_BREATH;XIRECS;10006.0;4
132000;;;OXYGEN_SHAKE_GARLIC;XIRECS;10115.0;4
132000;;;OXYGEN_SHAKE_MINT;XIRECS;10079.0;4
132000;;;OXYGEN_SHAKE_MORNING_BREATH;XIRECS;10786.0;4
132000;;;PANEL_1X2;XIRECS;9517.0;4
132000;;;PANEL_1X4;XIRECS;10041.0;4
132000;;;PANEL_2X2;XIRECS;9592.0;4
132000;;;PANEL_2X4;XIRECS;10156.0;4
132000;;;PANEL_4X4;XIRECS;10170.0;4
132000;;;ROBOT_DISHES;XIRECS;9109.0;4
132000;;;ROBOT_IRONING;XIRECS;9804.0;4
132000;;;ROBOT_LAUNDRY;XIRECS;10121.0;4
132000;;;ROBOT_MOPPING;XIRECS;10355.0;4
132000;;;ROBOT_VACUUMING;XIRECS;9328.0;4
132000;;;SLEEP_POD_COTTON;XIRECS;10727.0;4
132000;;;SLEEP_POD_LAMB_WOOL;XIRECS;11023.0;4
132000;;;SLEEP_POD_NYLON;XIRECS;9818.0;4
132000;;;SLEEP_POD_POLYESTER;XIRECS;10150.0;4
132000;;;SLEEP_POD_SUEDE;XIRECS;10312.0;4
132000;;;SNACKPACK_CHOCOLATE;XIRECS;9948.0;4
132000;;;SNACKPACK_PISTACHIO;XIRECS;9679.0;4
132000;;;SNACKPACK_RASPBERRY;XIRECS;10351.0;4
132000;;;SNACKPACK_STRAWBERRY;XIRECS;9821.0;4
132000;;;SNACKPACK_VANILLA;XIRECS;10148.0;4
132000;;;TRANSLATOR_ASTRO_BLACK;XIRECS;10041.0;4
132000;;;TRANSLATOR_ECLIPSE_CHARCOAL;XIRECS;9785.0;4
132000;;;TRANSLATOR_GRAPHITE_MIST;XIRECS;9811.0;4
132000;;;TRANSLATOR_SPACE_GRAY;XIRECS;10132.0;4
132000;;;TRANSLATOR_VOID_BLUE;XIRECS;9977.0;4
132000;;;UV_VISOR_AMBER;XIRECS;9682.0;4
132000;;;UV_VISOR_MAGENTA;XIRECS;10319.0;4
132000;;;UV_VISOR_ORANGE;XIRECS;10040.0;4
132000;;;UV_VISOR_RED;XIRECS;10926.0;4
132000;;;UV_VISOR_YELLOW;XIRECS;9824.0;4
133300;;;GALAXY_SOUNDS_BLACK_HOLES;XIRECS;10048.0;2
133300;;;GALAXY_SOUNDS_DARK_MATTER;XIRECS;9736.0;2
133300;;;GALAXY_SOUNDS_PLANETARY_RINGS;XIRECS;10344.0;2
133300;;;GALAXY_SOUNDS_SOLAR_FLAMES;XIRECS;10879.0;2
133300;;;GALAXY_SOUNDS_SOLAR_WINDS;XIRECS;10281.0;2
133300;;;OXYGEN_SHAKE_CHOCOLATE;XIRECS;9856.0;2
133300;;;OXYGEN_SHAKE_EVENING_BREATH;XIRECS;10006.0;2
133300;;;OXYGEN_SHAKE_GARLIC;XIRECS;10074.0;2
133300;;;OXYGEN_SHAKE_MINT;XIRECS;10014.0;2
133300;;;OXYGEN_SHAKE_MORNING_BREATH;XIRECS;10834.0;2
133300;;;PANEL_1X2;XIRECS;9487.0;2
133300;;;PANEL_1X4;XIRECS;10055.0;2
133300;;;PANEL_2X2;XIRECS;9634.0;2
133300;;;PANEL_2X4;XIRECS;10154.0;2
133300;;;PANEL_4X4;XIRECS;10145.0;2
133300;;;ROBOT_DISHES;XIRECS;9107.0;2
133300;;;ROBOT_IRONING;XIRECS;9794.0;2
133300;;;ROBOT_LAUNDRY;XIRECS;10054.0;2
133300;;;ROBOT_MOPPING;XIRECS;10310.0;2
133300;;;ROBOT_VACUUMING;XIRECS;9330.0;2
133300;;;SLEEP_POD_COTTON;XIRECS;10687.0;2
133300;;;SLEEP_POD_LAMB_WOOL;XIRECS;11045.0;2
133300;;;SLEEP_POD_NYLON;XIRECS;9792.0;2
133300;;;SLEEP_POD_POLYESTER;XIRECS;10126.0;2
133300;;;SLEEP_POD_SUEDE;XIRECS;10256.0;2
133300;;;SNACKPACK_CHOCOLATE;XIRECS;9949.0;2
133300;;;SNACKPACK_PISTACHIO;XIRECS;9694.0;2
133300;;;SNACKPACK_RASPBERRY;XIRECS;10334.0;2
133300;;;SNACKPACK_STRAWBERRY;XIRECS;9840.0;2
133300;;;SNACKPACK_VANILLA;XIRECS;10146.0;2
133300;;;TRANSLATOR_ASTRO_BLACK;XIRECS;10036.0;2
133300;;;TRANSLATOR_ECLIPSE_CHARCOAL;XIRECS;9872.0;2
133300;;;TRANSLATOR_GRAPHITE_MIST;XIRECS;9792.0;2
133300;;;TRANSLATOR_SPACE_GRAY;XIRECS;10134.0;2
133300;;;TRANSLATOR_VOID_BLUE;XIRECS;9990.0;2
133300;;;UV_VISOR_AMBER;XIRECS;9653.0;2
133300;;;UV_VISOR_MAGENTA;XIRECS;10269.0;2
133300;;;UV_VISOR_ORANGE;XIRECS;10087.0;2
133300;;;UV_VISOR_RED;XIRECS;10912.0;2
133300;;;UV_VISOR_YELLOW;XIRECS;9823.0;2
134800;;;GALAXY_SOUNDS_BLACK_HOLES;XIRECS;10111.0;3
134800;;;GALAXY_SOUNDS_DARK_MATTER;XIRECS;9711.0;3
134800;;;GALAXY_SOUNDS_PLANETARY_RINGS;XIRECS;10264.0;3
134800;;;GALAXY_SOUNDS_SOLAR_FLAMES;XIRECS;10928.0;3
134800;;;GALAXY_SOUNDS_SOLAR_WINDS;XIRECS;10367.0;3
134800;;;OXYGEN_SHAKE_CHOCOLATE;XIRECS;9856.0;3
134800;;;OXYGEN_SHAKE_EVENING_BREATH;XIRECS;9976.0;3
134800;;;OXYGEN_SHAKE_GARLIC;XIRECS;10141.0;3
134800;;;OXYGEN_SHAKE_MINT;XIRECS;10038.0;3
134800;;;OXYGEN_SHAKE_MORNING_BREATH;XIRECS;10925.0;3
134800;;;PANEL_1X2;XIRECS;9445.0;3
134800;;;PANEL_1X4;XIRECS;9961.0;3
134800;;;PANEL_2X2;XIRECS;9637.0;3
134800;;;PANEL_2X4;XIRECS;10153.0;3
134800;;;PANEL_4X4;XIRECS;10159.0;3
134800;;;ROBOT_DISHES;XIRECS;9090.0;3
134800;;;ROBOT_IRONING;XIRECS;9844.0;3
134800;;;ROBOT_LAUNDRY;XIRECS;10080.0;3
134800;;;ROBOT_MOPPING;XIRECS;10294.0;3
134800;;;ROBOT_VACUUMING;XIRECS;9371.0;3
134800;;;SLEEP_POD_COTTON;XIRECS;10660.0;3
134800;;;SLEEP_POD_LAMB_WOOL;XIRECS;11074.0;3
134800;;;SLEEP_POD_NYLON;XIRECS;9809.0;3
134800;;;SLEEP_POD_POLYESTER;XIRECS;10147.0;3
134800;;;SLEEP_POD_SUEDE;XIRECS;10237.0;3
134800;;;SNACKPACK_CHOCOLATE;XIRECS;9949.0;3
134800;;;SNACKPACK_PISTACHIO;XIRECS;9668.0;3
134800;;;SNACKPACK_RASPBERRY;XIRECS;10355.0;3
134800;;;SNACKPACK_STRAWBERRY;XIRECS;9817.0;3
134800;;;SNACKPACK_VANILLA;XIRECS;10156.0;3
134800;;;TRANSLATOR_ASTRO_BLACK;XIRECS;9998.0;3
134800;;;TRANSLATOR_ECLIPSE_CHARCOAL;XIRECS;9819.0;3
134800;;;TRANSLATOR_GRAPHITE_MIST;XIRECS;9770.0;3
134800;;;TRANSLATOR_SPACE_GRAY;XIRECS;10113.0;3
134800;;;TRANSLATOR_VOID_BLUE;XIRECS;10013.0;3
134800;;;UV_VISOR_AMBER;XIRECS;9693.0;3
134800;;;UV_VISOR_MAGENTA;XIRECS;10270.0;3
134800;;;UV_VISOR_ORANGE;XIRECS;10093.0;3
134800;;;UV_VISOR_RED;XIRECS;10918.0;3
134800;;;UV_VISOR_YELLOW;XIRECS;9827.0;3
137500;;;GALAXY_SOUNDS_BLACK_HOLES;XIRECS;10127.0;1
137500;;;GALAXY_SOUNDS_DARK_MATTER;XIRECS;9765.0;1
137500;;;GALAXY_SOUNDS_PLANETARY_RINGS;XIRECS;10428.0;1
137500;;;GALAXY_SOUNDS_SOLAR_FLAMES;XIRECS;10949.0;1
137500;;;GALAXY_SOUNDS_SOLAR_WINDS;XIRECS;10275.0;1
137500;;;OXYGEN_SHAKE_CHOCOLATE;XIRECS;9886.0;1
137500;;;OXYGEN_SHAKE_EVENING_BREATH;XIRECS;10006.0;1
137500;;;OXYGEN_SHAKE_GARLIC;XIRECS;10113.0;1
137500;;;OXYGEN_SHAKE_MINT;XIRECS;10094.0;1
137500;;;OXYGEN_SHAKE_MORNING_BREATH;XIRECS;10961.0;1
137500;;;PANEL_1X2;XIRECS;9460.0;1
137500;;;PANEL_1X4;XIRECS;9995.0;1
137500;;;PANEL_2X2;XIRECS;9654.0;1
137500;;;PANEL_2X4;XIRECS;10113.0;1
137500;;;PANEL_4X4;XIRECS;10275.0;1
137500;;;ROBOT_DISHES;XIRECS;9110.0;1
137500;;;ROBOT_IRONING;XIRECS;9974.0;1
137500;;;ROBOT_LAUNDRY;XIRECS;10061.0;1
137500;;;ROBOT_MOPPING;XIRECS;10304.0;1
137500;;;ROBOT_VACUUMING;XIRECS;9461.0;1
137500;;;SLEEP_POD_COTTON;XIRECS;10615.0;1
137500;;;SLEEP_POD_LAMB_WOOL;XIRECS;11041.0;1
137500;;;SLEEP_POD_NYLON;XIRECS;9806.0;1
137500;;;SLEEP_POD_POLYESTER;XIRECS;10179.0;1
137500;;;SLEEP_POD_SUEDE;XIRECS;10200.0;1
137500;;;SNACKPACK_CHOCOLATE;XIRECS;10032.0;1
137500;;;SNACKPACK_PISTACHIO;XIRECS;9660.0;1
137500;;;SNACKPACK_RASPBERRY;XIRECS;10363.0;1
137500;;;SNACKPACK_STRAWBERRY;XIRECS;9801.0;1
137500;;;SNACKPACK_VANILLA;XIRECS;10076.0;1
137500;;;TRANSLATOR_ASTRO_BLACK;XIRECS;9939.0;1
137500;;;TRANSLATOR_ECLIPSE_CHARCOAL;XIRECS;9778.0;1
137500;;;TRANSLATOR_GRAPHITE_MIST;XIRECS;9888.0;1
137500;;;TRANSLATOR_SPACE_GRAY;XIRECS;10044.0;1
137500;;;TRANSLATOR_VOID_BLUE;XIRECS;9964.0;1
137500;;;UV_VISOR_AMBER;XIRECS;9643.0;1
137500;;;UV_VISOR_MAGENTA;XIRECS;10209.0;1
137500;;;UV_VISOR_ORANGE;XIRECS;10092.0;1
137500;;;UV_VISOR_RED;XIRECS;11038.0;1
137500;;;UV_VISOR_YELLOW;XIRECS;9837.0;1
138900;;;GALAXY_SOUNDS_BLACK_HOLES;XIRECS;10147.0;1
138900;;;GALAXY_SOUNDS_DARK_MATTER;XIRECS;9722.0;1
138900;;;GALAXY_SOUNDS_PLANETARY_RINGS;XIRECS;10452.0;1
138900;;;GALAXY_SOUNDS_SOLAR_FLAMES;XIRECS;10925.0;1
138900;;;GALAXY_SOUNDS_SOLAR_WINDS;XIRECS;10289.0;1
138900;;;OXYGEN_SHAKE_CHOCOLATE;XIRECS;9896.0;1
138900;;;OXYGEN_SHAKE_EVENING_BREATH;XIRECS;9996.0;1
138900;;;OXYGEN_SHAKE_GARLIC;XIRECS;10158.0;1
138900;;;OXYGEN_SHAKE_MINT;XIRECS;10095.0;1
138900;;;OXYGEN_SHAKE_MORNING_BREATH;XIRECS;10940.0;1
138900;;;PANEL_1X2;XIRECS;9420.0;1
138900;;;PANEL_1X4;XIRECS;9944.0;1
138900;;;PANEL_2X2;XIRECS;9689.0;1
138900;;;PANEL_2X4;XIRECS;10107.0;1
138900;;;PANEL_4X4;XIRECS;10280.0;1
138900;;;ROBOT_DISHES;XIRECS;9121.0;1
138900;;;ROBOT_IRONING;XIRECS;9964.0;1
138900;;;ROBOT_LAUNDRY;XIRECS;10092.0;1
138900;;;ROBOT_MOPPING;XIRECS;10252.0;1
138900;;;ROBOT_VACUUMING;XIRECS;9517.0;1
138900;;;SLEEP_POD_COTTON;XIRECS;10598.0;1
138900;;;SLEEP_POD_LAMB_WOOL;XIRECS;10956.0;1
138900;;;SLEEP_POD_NYLON;XIRECS;9794.0;1
138900;;;SLEEP_POD_POLYESTER;XIRECS;10209.0;1
138900;;;SLEEP_POD_SUEDE;XIRECS;10196.0;1
138900;;;SNACKPACK_CHOCOLATE;XIRECS;10045.0;1
138900;;;SNACKPACK_PISTACHIO;XIRECS;9678.0;1
138900;;;SNACKPACK_RASPBERRY;XIRECS;10346.0;1
138900;;;SNACKPACK_STRAWBERRY;XIRECS;9821.0;1
138900;;;SNACKPACK_VANILLA;XIRECS;10069.0;1
138900;;;TRANSLATOR_ASTRO_BLACK;XIRECS;9940.0;1
138900;;;TRANSLATOR_ECLIPSE_CHARCOAL;XIRECS;9709.0;1
138900;;;TRANSLATOR_GRAPHITE_MIST;XIRECS;9803.0;1
138900;;;TRANSLATOR_SPACE_GRAY;XIRECS;9962.0;1
138900;;;TRANSLATOR_VOID_BLUE;XIRECS;10030.0;1
138900;;;UV_VISOR_AMBER;XIRECS;9535.0;1
138900;;;UV_VISOR_MAGENTA;XIRECS;10194.0;1
138900;;;UV_VISOR_ORANGE;XIRECS;10117.0;1
138900;;;UV_VISOR_RED;XIRECS;11085.0;1
138900;;;UV_VISOR_YELLOW;XIRECS;9819.0;1
139200;;;MICROCHIP_CIRCLE;XIRECS;9244.0;2
139200;;;MICROCHIP_OVAL;XIRECS;9930.0;2
139200;;;MICROCHIP_RECTANGLE;XIRECS;10320.0;2
139200;;;MICROCHIP_SQUARE;XIRECS;10007.0;2
139200;;;MICROCHIP_TRIANGLE;XIRECS;10264.0;2
142500;;;PEBBLES_L;XIRECS;10243.0;3
142500;;;PEBBLES_M;XIRECS;9559.0;3
142500;;;PEBBLES_S;XIRECS;10176.0;3
142500;;;PEBBLES_XL;XIRECS;10066.0;3
142500;;;PEBBLES_XS;XIRECS;9923.0;3
143700;;;PEBBLES_L;XIRECS;10308.0;4
143700;;;PEBBLES_M;XIRECS;9545.0;4
143700;;;PEBBLES_S;XIRECS;10202.0;4
143700;;;PEBBLES_XL;XIRECS;10125.0;4
143700;;;PEBBLES_XS;XIRECS;9853.0;4
145900;;;MICROCHIP_CIRCLE;XIRECS;9334.0;2
145900;;;MICROCHIP_OVAL;XIRECS;9912.0;2
145900;;;MICROCHIP_RECTANGLE;XIRECS;10405.0;2
145900;;;MICROCHIP_SQUARE;XIRECS;10021.0;2
145900;;;MICROCHIP_TRIANGLE;XIRECS;10356.0;2
147000;;;MICROCHIP_CIRCLE;XIRECS;9353.0;1
147000;;;MICROCHIP_OVAL;XIRECS;10018.0;1
147000;;;MICROCHIP_RECTANGLE;XIRECS;10367.0;1
147000;;;MICROCHIP_SQUARE;XIRECS;9970.0;1
147000;;;MICROCHIP_TRIANGLE;XIRECS;10457.0;1
148400;;;MICROCHIP_CIRCLE;XIRECS;9374.0;1
148400;;;MICROCHIP_OVAL;XIRECS;9971.0;1
148400;;;MICROCHIP_RECTANGLE;XIRECS;10412.0;1
148400;;;MICROCHIP_SQUARE;XIRECS;9972.0;1
148400;;;MICROCHIP_TRIANGLE;XIRECS;10408.0;1
150100;;;PEBBLES_L;XIRECS;10175.0;5
150100;;;PEBBLES_M;XIRECS;9496.0;5
150100;;;PEBBLES_S;XIRECS;10214.0;5
150100;;;PEBBLES_XL;XIRECS;10110.0;5
150100;;;PEBBLES_XS;XIRECS;9972.0;5
151100;;;MICROCHIP_CIRCLE;XIRECS;9344.0;3
151100;;;MICROCHIP_OVAL;XIRECS;9898.0;3
151100;;;MICROCHIP_RECTANGLE;XIRECS;10349.0;3
151100;;;MICROCHIP_SQUARE;XIRECS;10002.0;3
151100;;;MICROCHIP_TRIANGLE;XIRECS;10296.0;3
152400;;;GALAXY_SOUNDS_BLACK_HOLES;XIRECS;10253.0;4
152400;;;GALAXY_SOUNDS_DARK_MATTER;XIRECS;9716.0;4
152400;;;GALAXY_SOUNDS_PLANETARY_RINGS;XIRECS;10403.0;4
152400;;;GALAXY_SOUNDS_SOLAR_FLAMES;XIRECS;10750.0;4
152400;;;GALAXY_SOUNDS_SOLAR_WINDS;XIRECS;10525.0;4
152400;;;OXYGEN_SHAKE_CHOCOLATE;XIRECS;9756.0;4
152400;;;OXYGEN_SHAKE_EVENING_BREATH;XIRECS;9776.0;4
152400;;;OXYGEN_SHAKE_GARLIC;XIRECS;10100.0;4
152400;;;OXYGEN_SHAKE_MINT;XIRECS;10229.0;4
152400;;;OXYGEN_SHAKE_MORNING_BREATH;XIRECS;10857.0;4
152400;;;PANEL_1X2;XIRECS;9548.0;4
152400;;;PANEL_1X4;XIRECS;9673.0;4
152400;;;PANEL_2X2;XIRECS;9551.0;4
152400;;;PANEL_2X4;XIRECS;10110.0;4
152400;;;PANEL_4X4;XIRECS;10151.0;4
152400;;;ROBOT_DISHES;XIRECS;9180.0;4
152400;;;ROBOT_IRONING;XIRECS;10104.0;4
152400;;;ROBOT_LAUNDRY;XIRECS;10171.0;4
152400;;;ROBOT_MOPPING;XIRECS;10468.0;4
152400;;;ROBOT_VACUUMING;XIRECS;9419.0;4
152400;;;SLEEP_POD_COTTON;XIRECS;10453.0;4
152400;;;SLEEP_POD_LAMB_WOOL;XIRECS;11122.0;4
152400;;;SLEEP_POD_NYLON;XIRECS;9625.0;4
152400;;;SLEEP_POD_POLYESTER;XIRECS;10188.0;4
152400;;;SLEEP_POD_SUEDE;XIRECS;10230.0;4
152400;;;SNACKPACK_CHOCOLATE;XIRECS;9953.0;4
152400;;;SNACKPACK_PISTACHIO;XIRECS;9572.0;4
152400;;;SNACKPACK_RASPBERRY;XIRECS;10517.0;4
152400;;;SNACKPACK_STRAWBERRY;XIRECS;9672.0;4
152400;;;SNACKPACK_VANILLA;XIRECS;10139.0;4
152400;;;TRANSLATOR_ASTRO_BLACK;XIRECS;9888.0;4
152400;;;TRANSLATOR_ECLIPSE_CHARCOAL;XIRECS;9839.0;4
152400;;;TRANSLATOR_GRAPHITE_MIST;XIRECS;9941.0;4
152400;;;TRANSLATOR_SPACE_GRAY;XIRECS;10059.0;4
152400;;;TRANSLATOR_VOID_BLUE;XIRECS;10022.0;4
152400;;;UV_VISOR_AMBER;XIRECS;9654.0;4
152400;;;UV_VISOR_MAGENTA;XIRECS;10314.0;4
152400;;;UV_VISOR_ORANGE;XIRECS;10015.0;4
152400;;;UV_VISOR_RED;XIRECS;10786.0;4
152400;;;UV_VISOR_YELLOW;XIRECS;9818.0;4
154200;;;PEBBLES_L;XIRECS;10003.0;5
154200;;;PEBBLES_M;XIRECS;9354.0;5
154200;;;PEBBLES_S;XIRECS;10137.0;5
154200;;;PEBBLES_XL;XIRECS;10417.0;5
154200;;;PEBBLES_XS;XIRECS;10057.0;5
156400;;;MICROCHIP_CIRCLE;XIRECS;9264.0;2
156400;;;MICROCHIP_OVAL;XIRECS;9823.0;2
156400;;;MICROCHIP_RECTANGLE;XIRECS;10383.0;2
156400;;;MICROCHIP_SQUARE;XIRECS;9968.0;2
156400;;;MICROCHIP_TRIANGLE;XIRECS;10257.0;2
156900;;;MICROCHIP_CIRCLE;XIRECS;9255.0;3
156900;;;MICROCHIP_OVAL;XIRECS;9796.0;3
156900;;;MICROCHIP_RECTANGLE;XIRECS;10373.0;3
156900;;;MICROCHIP_SQUARE;XIRECS;9987.0;3
156900;;;MICROCHIP_TRIANGLE;XIRECS;10285.0;3
157900;;;PEBBLES_L;XIRECS;9929.0;5
157900;;;PEBBLES_M;XIRECS;9394.0;5
157900;;;PEBBLES_S;XIRECS;10245.0;5
157900;;;PEBBLES_XL;XIRECS;10379.0;5
157900;;;PEBBLES_XS;XIRECS;10051.0;5
158900;;;PEBBLES_L;XIRECS;9932.0;4
158900;;;PEBBLES_M;XIRECS;9401.0;4
158900;;;PEBBLES_S;XIRECS;10251.0;4
158900;;;PEBBLES_XL;XIRECS;10390.0;4
158900;;;PEBBLES_XS;XIRECS;10058.0;4
164500;;;MICROCHIP_CIRCLE;XIRECS;9205.0;3
164500;;;MICROCHIP_OVAL;XIRECS;9842.0;3
164500;;;MICROCHIP_RECTANGLE;XIRECS;10157.0;3
164500;;;MICROCHIP_SQUARE;XIRECS;10007.0;3
164500;;;MICROCHIP_TRIANGLE;XIRECS;10352.0;3
165800;;;PEBBLES_L;XIRECS;10101.0;5
165800;;;PEBBLES_M;XIRECS;9554.0;5
165800;;;PEBBLES_S;XIRECS;10356.0;5
165800;;;PEBBLES_XL;XIRECS;9967.0;5
165800;;;PEBBLES_XS;XIRECS;9988.0;5
167300;;;MICROCHIP_CIRCLE;XIRECS;9117.0;1
167300;;;MICROCHIP_OVAL;XIRECS;9686.0;1
167300;;;MICROCHIP_RECTANGLE;XIRECS;10110.0;1
167300;;;MICROCHIP_SQUARE;XIRECS;10006.0;1
167300;;;MICROCHIP_TRIANGLE;XIRECS;10324.0;1
171400;;;MICROCHIP_CIRCLE;XIRECS;9115.0;2
171400;;;MICROCHIP_OVAL;XIRECS;9806.0;2
171400;;;MICROCHIP_RECTANGLE;XIRECS;10059.0;2
171400;;;MICROCHIP_SQUARE;XIRECS;10066.0;2
171400;;;MICROCHIP_TRIANGLE;XIRECS;10396.0;2
172000;;;MICROCHIP_CIRCLE;XIRECS;9131.0;2
172000;;;MICROCHIP_OVAL;XIRECS;9781.0;2
172000;;;MICROCHIP_RECTANGLE;XIRECS;10036.0;2
172000;;;MICROCHIP_SQUARE;XIRECS;10081.0;2
172000;;;MICROCHIP_TRIANGLE;XIRECS;10357.0;2
172500;;;GALAXY_SOUNDS_BLACK_HOLES;XIRECS;10302.0;2
172500;;;GALAXY_SOUNDS_DARK_MATTER;XIRECS;9832.0;2
172500;;;GALAXY_SOUNDS_PLANETARY_RINGS;XIRECS;10291.0;2
172500;;;GALAXY_SOUNDS_SOLAR_FLAMES;XIRECS;10643.0;2
172500;;;GALAXY_SOUNDS_SOLAR_WINDS;XIRECS;10815.0;2
172500;;;OXYGEN_SHAKE_CHOCOLATE;XIRECS;9566.0;2
172500;;;OXYGEN_SHAKE_EVENING_BREATH;XIRECS;9696.0;2
172500;;;OXYGEN_SHAKE_GARLIC;XIRECS;10104.0;2
172500;;;OXYGEN_SHAKE_MINT;XIRECS;10012.0;2
172500;;;OXYGEN_SHAKE_MORNING_BREATH;XIRECS;11074.0;2
172500;;;PANEL_1X2;XIRECS;9492.0;2
172500;;;PANEL_1X4;XIRECS;9447.0;2
172500;;;PANEL_2X2;XIRECS;9403.0;2
172500;;;PANEL_2X4;XIRECS;10256.0;2
172500;;;PANEL_4X4;XIRECS;10337.0;2
172500;;;ROBOT_DISHES;XIRECS;8980.0;2
172500;;;ROBOT_IRONING;XIRECS;10004.0;2
172500;;;ROBOT_LAUNDRY;XIRECS;10209.0;2
172500;;;ROBOT_MOPPING;XIRECS;10426.0;2
172500;;;ROBOT_VACUUMING;XIRECS;9320.0;2
172500;;;SLEEP_POD_COTTON;XIRECS;10276.0;2
172500;;;SLEEP_POD_LAMB_WOOL;XIRECS;11359.0;2
172500;;;SLEEP_POD_NYLON;XIRECS;9663.0;2
172500;;;SLEEP_POD_POLYESTER;XIRECS;10270.0;2
172500;;;SLEEP_POD_SUEDE;XIRECS;10218.0;2
172500;;;SNACKPACK_CHOCOLATE;XIRECS;10117.0;2
172500;;;SNACKPACK_PISTACHIO;XIRECS;9557.0;2
172500;;;SNACKPACK_RASPBERRY;XIRECS;10510.0;2
172500;;;SNACKPACK_STRAWBERRY;XIRECS;9738.0;2
172500;;;SNACKPACK_VANILLA;XIRECS;9993.0;2
172500;;;TRANSLATOR_ASTRO_BLACK;XIRECS;10138.0;2
172500;;;TRANSLATOR_ECLIPSE_CHARCOAL;XIRECS;9669.0;2
172500;;;TRANSLATOR_GRAPHITE_MIST;XIRECS;10090.0;2
172500;;;TRANSLATOR_SPACE_GRAY;XIRECS;10005.0;2
172500;;;TRANSLATOR_VOID_BLUE;XIRECS;9887.0;2
172500;;;UV_VISOR_AMBER;XIRECS;9487.0;2
172500;;;UV_VISOR_MAGENTA;XIRECS;10214.0;2
172500;;;UV_VISOR_ORANGE;XIRECS;10106.0;2
172500;;;UV_VISOR_RED;XIRECS;10792.0;2
172500;;;UV_VISOR_YELLOW;XIRECS;9961.0;2
173400;;;GALAXY_SOUNDS_BLACK_HOLES;XIRECS;10306.0;2
173400;;;GALAXY_SOUNDS_DARK_MATTER;XIRECS;9810.0;2
173400;;;GALAXY_SOUNDS_PLANETARY_RINGS;XIRECS;10280.0;2
173400;;;GALAXY_SOUNDS_SOLAR_FLAMES;XIRECS;10684.0;2
173400;;;GALAXY_SOUNDS_SOLAR_WINDS;XIRECS;10823.0;2
173400;;;OXYGEN_SHAKE_CHOCOLATE;XIRECS;9566.0;2
173400;;;OXYGEN_SHAKE_EVENING_BREATH;XIRECS;9706.0;2
173400;;;OXYGEN_SHAKE_GARLIC;XIRECS;10039.0;2
173400;;;OXYGEN_SHAKE_MINT;XIRECS;10032.0;2
173400;;;OXYGEN_SHAKE_MORNING_BREATH;XIRECS;11143.0;2
173400;;;PANEL_1X2;XIRECS;9476.0;2
173400;;;PANEL_1X4;XIRECS;9466.0;2
173400;;;PANEL_2X2;XIRECS;9398.0;2
173400;;;PANEL_2X4;XIRECS;10251.0;2
173400;;;PANEL_4X4;XIRECS;10398.0;2
173400;;;ROBOT_DISHES;XIRECS;8972.0;2
173400;;;ROBOT_IRONING;XIRECS;10004.0;2
173400;;;ROBOT_LAUNDRY;XIRECS;10204.0;2
173400;;;ROBOT_MOPPING;XIRECS;10416.0;2
173400;;;ROBOT_VACUUMING;XIRECS;9336.0;2
173400;;;SLEEP_POD_COTTON;XIRECS;10309.0;2
173400;;;SLEEP_POD_LAMB_WOOL;XIRECS;11330.0;2
173400;;;SLEEP_POD_NYLON;XIRECS;9678.0;2
173400;;;SLEEP_POD_POLYESTER;XIRECS;10283.0;2
173400;;;SLEEP_POD_SUEDE;XIRECS;10221.0;2
173400;;;SNACKPACK_CHOCOLATE;XIRECS;10129.0;2
173400;;;SNACKPACK_PISTACHIO;XIRECS;9570.0;2
173400;;;SNACKPACK_RASPBERRY;XIRECS;10481.0;2
173400;;;SNACKPACK_STRAWBERRY;XIRECS;9762.0;2
173400;;;SNACKPACK_VANILLA;XIRECS;9982.0;2
173400;;;TRANSLATOR_ASTRO_BLACK;XIRECS;10123.0;2
173400;;;TRANSLATOR_ECLIPSE_CHARCOAL;XIRECS;9665.0;2
173400;;;TRANSLATOR_GRAPHITE_MIST;XIRECS;10126.0;2
173400;;;TRANSLATOR_SPACE_GRAY;XIRECS;10031.0;2
173400;;;TRANSLATOR_VOID_BLUE;XIRECS;9871.0;2
173400;;;UV_VISOR_AMBER;XIRECS;9492.0;2
173400;;;UV_VISOR_MAGENTA;XIRECS;10161.0;2
173400;;;UV_VISOR_ORANGE;XIRECS;10135.0;2
173400;;;UV_VISOR_RED;XIRECS;10810.0;2
173400;;;UV_VISOR_YELLOW;XIRECS;9983.0;2
177700;;;GALAXY_SOUNDS_BLACK_HOLES;XIRECS;10405.0;2
177700;;;GALAXY_SOUNDS_DARK_MATTER;XIRECS;9849.0;2
177700;;;GALAXY_SOUNDS_PLANETARY_RINGS;XIRECS;10297.0;2
177700;;;GALAXY_SOUNDS_SOLAR_FLAMES;XIRECS;10693.0;2
177700;;;GALAXY_SOUNDS_SOLAR_WINDS;XIRECS;10994.0;2
177700;;;OXYGEN_SHAKE_CHOCOLATE;XIRECS;9426.0;2
177700;;;OXYGEN_SHAKE_EVENING_BREATH;XIRECS;9706.0;2
177700;;;OXYGEN_SHAKE_GARLIC;XIRECS;10036.0;2
177700;;;OXYGEN_SHAKE_MINT;XIRECS;10082.0;2
177700;;;OXYGEN_SHAKE_MORNING_BREATH;XIRECS;11161.0;2
177700;;;PANEL_1X2;XIRECS;9559.0;2
177700;;;PANEL_1X4;XIRECS;9487.0;2
177700;;;PANEL_2X2;XIRECS;9363.0;2
177700;;;PANEL_2X4;XIRECS;10276.0;2
177700;;;PANEL_4X4;XIRECS;10293.0;2
177700;;;ROBOT_DISHES;XIRECS;8940.0;2
177700;;;ROBOT_IRONING;XIRECS;9914.0;2
177700;;;ROBOT_LAUNDRY;XIRECS;10131.0;2
177700;;;ROBOT_MOPPING;XIRECS;10405.0;2
177700;;;ROBOT_VACUUMING;XIRECS;9408.0;2
177700;;;SLEEP_POD_COTTON;XIRECS;10247.0;2
177700;;;SLEEP_POD_LAMB_WOOL;XIRECS;11377.0;2
177700;;;SLEEP_POD_NYLON;XIRECS;9769.0;2
177700;;;SLEEP_POD_POLYESTER;XIRECS;10367.0;2
177700;;;SLEEP_POD_SUEDE;XIRECS;10110.0;2
177700;;;SNACKPACK_CHOCOLATE;XIRECS;10135.0;2
177700;;;SNACKPACK_PISTACHIO;XIRECS;9619.0;2
177700;;;SNACKPACK_RASPBERRY;XIRECS;10421.0;2
177700;;;SNACKPACK_STRAWBERRY;XIRECS;9825.0;2
177700;;;SNACKPACK_VANILLA;XIRECS;9964.0;2
177700;;;TRANSLATOR_ASTRO_BLACK;XIRECS;10098.0;2
177700;;;TRANSLATOR_ECLIPSE_CHARCOAL;XIRECS;9704.0;2
177700;;;TRANSLATOR_GRAPHITE_MIST;XIRECS;10050.0;2
177700;;;TRANSLATOR_SPACE_GRAY;XIRECS;10001.0;2
177700;;;TRANSLATOR_VOID_BLUE;XIRECS;9857.0;2
177700;;;UV_VISOR_AMBER;XIRECS;9460.0;2
177700;;;UV_VISOR_MAGENTA;XIRECS;10285.0;2
177700;;;UV_VISOR_ORANGE;XIRECS;10086.0;2
177700;;;UV_VISOR_RED;XIRECS;10788.0;2
177700;;;UV_VISOR_YELLOW;XIRECS;9996.0;2
184500;;;PEBBLES_L;XIRECS;10342.0;2
184500;;;PEBBLES_M;XIRECS;9590.0;2
184500;;;PEBBLES_S;XIRECS;10332.0;2
184500;;;PEBBLES_XL;XIRECS;9639.0;2
184500;;;PEBBLES_XS;XIRECS;10064.0;2
185500;;;PEBBLES_L;XIRECS;10363.0;3
185500;;;PEBBLES_M;XIRECS;9623.0;3
185500;;;PEBBLES_S;XIRECS;10286.0;3
185500;;;PEBBLES_XL;XIRECS;9730.0;3
185500;;;PEBBLES_XS;XIRECS;10031.0;3
186200;;;PEBBLES_L;XIRECS;10335.0;3
186200;;;PEBBLES_M;XIRECS;9682.0;3
186200;;;PEBBLES_S;XIRECS;10299.0;3
186200;;;PEBBLES_XL;XIRECS;9672.0;3
186200;;;PEBBLES_XS;XIRECS;10045.0;3
187400;;;MICROCHIP_CIRCLE;XIRECS;9112.0;3
187400;;;MICROCHIP_OVAL;XIRECS;9661.0;3
187400;;;MICROCHIP_RECTANGLE;XIRECS;9871.0;3
187400;;;MICROCHIP_SQUARE;XIRECS;10144.0;3
187400;;;MICROCHIP_TRIANGLE;XIRECS;10015.0;3
187800;;;GALAXY_SOUNDS_BLACK_HOLES;XIRECS;10521.0;1
187800;;;GALAXY_SOUNDS_DARK_MATTER;XIRECS;9857.0;1
187800;;;GALAXY_SOUNDS_PLANETARY_RINGS;XIRECS;10286.0;1
187800;;;GALAXY_SOUNDS_SOLAR_FLAMES;XIRECS;10795.0;1
187800;;;GALAXY_SOUNDS_SOLAR_WINDS;XIRECS;10856.0;1
187800;;;OXYGEN_SHAKE_CHOCOLATE;XIRECS;9316.0;1
187800;;;OXYGEN_SHAKE_EVENING_BREATH;XIRECS;9506.0;1
187800;;;OXYGEN_SHAKE_GARLIC;XIRECS;9982.0;1
187800;;;OXYGEN_SHAKE_MINT;XIRECS;10103.0;1
187800;;;OXYGEN_SHAKE_MORNING_BREATH;XIRECS;11157.0;1
187800;;;PANEL_1X2;XIRECS;9632.0;1
187800;;;PANEL_1X4;XIRECS;9563.0;1
187800;;;PANEL_2X2;XIRECS;9356.0;1
187800;;;PANEL_2X4;XIRECS;10332.0;1
187800;;;PANEL_4X4;XIRECS;10274.0;1
187800;;;PEBBLES_L;XIRECS;10357.0;5
187800;;;PEBBLES_M;XIRECS;9711.0;5
187800;;;PEBBLES_S;XIRECS;10197.0;5
187800;;;PEBBLES_XL;XIRECS;9606.0;5
187800;;;PEBBLES_XS;XIRECS;10096.0;5
187800;;;ROBOT_DISHES;XIRECS;8995.0;1
187800;;;ROBOT_IRONING;XIRECS;9854.0;1
187800;;;ROBOT_LAUNDRY;XIRECS;10088.0;1
187800;;;ROBOT_MOPPING;XIRECS;10362.0;1
187800;;;ROBOT_VACUUMING;XIRECS;9183.0;1
187800;;;SLEEP_POD_COTTON;XIRECS;10120.0;1
187800;;;SLEEP_POD_LAMB_WOOL;XIRECS;11406.0;1
187800;;;SLEEP_POD_NYLON;XIRECS;9892.0;1
187800;;;SLEEP_POD_POLYESTER;XIRECS;10567.0;1
187800;;;SLEEP_POD_SUEDE;XIRECS;10052.0;1
187800;;;SNACKPACK_CHOCOLATE;XIRECS;10133.0;1
187800;;;SNACKPACK_PISTACHIO;XIRECS;9729.0;1
187800;;;SNACKPACK_RASPBERRY;XIRECS;10281.0;1
187800;;;SNACKPACK_STRAWBERRY;XIRECS;10024.0;1
187800;;;SNACKPACK_VANILLA;XIRECS;9966.0;1
187800;;;TRANSLATOR_ASTRO_BLACK;XIRECS;10019.0;1
187800;;;TRANSLATOR_ECLIPSE_CHARCOAL;XIRECS;9694.0;1
187800;;;TRANSLATOR_GRAPHITE_MIST;XIRECS;10191.0;1
187800;;;TRANSLATOR_SPACE_GRAY;XIRECS;9929.0;1
187800;;;TRANSLATOR_VOID_BLUE;XIRECS;9927.0;1
187800;;;UV_VISOR_AMBER;XIRECS;9472.0;1
187800;;;UV_VISOR_MAGENTA;XIRECS;10335.0;1
187800;;;UV_VISOR_ORANGE;XIRECS;10066.0;1
187800;;;UV_VISOR_RED;XIRECS;10833.0;1
187800;;;UV_VISOR_YELLOW;XIRECS;9910.0;1
189100;;;GALAXY_SOUNDS_BLACK_HOLES;XIRECS;10519.0;2
189100;;;GALAXY_SOUNDS_DARK_MATTER;XIRECS;9892.0;2
189100;;;GALAXY_SOUNDS_PLANETARY_RINGS;XIRECS;10269.0;2
189100;;;GALAXY_SOUNDS_SOLAR_FLAMES;XIRECS;10765.0;2
189100;;;GALAXY_SOUNDS_SOLAR_WINDS;XIRECS;10903.0;2
189100;;;OXYGEN_SHAKE_CHOCOLATE;XIRECS;9286.0;2
189100;;;OXYGEN_SHAKE_EVENING_BREATH;XIRECS;9546.0;2
189100;;;OXYGEN_SHAKE_GARLIC;XIRECS;9978.0;2
189100;;;OXYGEN_SHAKE_MINT;XIRECS;10125.0;2
189100;;;OXYGEN_SHAKE_MORNING_BREATH;XIRECS;11157.0;2
189100;;;PANEL_1X2;XIRECS;9668.0;2
189100;;;PANEL_1X4;XIRECS;9580.0;2
189100;;;PANEL_2X2;XIRECS;9366.0;2
189100;;;PANEL_2X4;XIRECS;10302.0;2
189100;;;PANEL_4X4;XIRECS;10310.0;2
189100;;;ROBOT_DISHES;XIRECS;9038.0;2
189100;;;ROBOT_IRONING;XIRECS;9864.0;2
189100;;;ROBOT_LAUNDRY;XIRECS;10034.0;2
189100;;;ROBOT_MOPPING;XIRECS;10375.0;2
189100;;;ROBOT_VACUUMING;XIRECS;9142.0;2
189100;;;SLEEP_POD_COTTON;XIRECS;10183.0;2
189100;;;SLEEP_POD_LAMB_WOOL;XIRECS;11426.0;2
189100;;;SLEEP_POD_NYLON;XIRECS;9853.0;2
189100;;;SLEEP_POD_POLYESTER;XIRECS;10668.0;2
189100;;;SLEEP_POD_SUEDE;XIRECS;10024.0;2
189100;;;SNACKPACK_CHOCOLATE;XIRECS;10112.0;2
189100;;;SNACKPACK_PISTACHIO;XIRECS;9737.0;2
189100;;;SNACKPACK_RASPBERRY;XIRECS;10268.0;2
189100;;;SNACKPACK_STRAWBERRY;XIRECS;10030.0;2
189100;;;SNACKPACK_VANILLA;XIRECS;9981.0;2
189100;;;TRANSLATOR_ASTRO_BLACK;XIRECS;10007.0;2
189100;;;TRANSLATOR_ECLIPSE_CHARCOAL;XIRECS;9665.0;2
189100;;;TRANSLATOR_GRAPHITE_MIST;XIRECS;10244.0;2
189100;;;TRANSLATOR_SPACE_GRAY;XIRECS;9963.0;2
189100;;;TRANSLATOR_VOID_BLUE;XIRECS;9913.0;2
189100;;;UV_VISOR_AMBER;XIRECS;9534.0;2
189100;;;UV_VISOR_MAGENTA;XIRECS;10328.0;2
189100;;;UV_VISOR_ORANGE;XIRECS;10100.0;2
189100;;;UV_VISOR_RED;XIRECS;10860.0;2
189100;;;UV_VISOR_YELLOW;XIRECS;9865.0;2
189700;;;GALAXY_SOUNDS_BLACK_HOLES;XIRECS;10499.0;1
189700;;;GALAXY_SOUNDS_DARK_MATTER;XIRECS;9911.0;1
189700;;;GALAXY_SOUNDS_PLANETARY_RINGS;XIRECS;10260.0;1
189700;;;GALAXY_SOUNDS_SOLAR_FLAMES;XIRECS;10757.0;1
189700;;;GALAXY_SOUNDS_SOLAR_WINDS;XIRECS;10895.0;1
189700;;;OXYGEN_SHAKE_CHOCOLATE;XIRECS;9284.0;1
189700;;;OXYGEN_SHAKE_EVENING_BREATH;XIRECS;9534.0;1
189700;;;OXYGEN_SHAKE_GARLIC;XIRECS;9932.0;1
189700;;;OXYGEN_SHAKE_MINT;XIRECS;10147.0;1
189700;;;OXYGEN_SHAKE_MORNING_BREATH;XIRECS;11109.0;1
189700;;;PANEL_1X2;XIRECS;9645.0;1
189700;;;PANEL_1X4;XIRECS;9595.0;1
189700;;;PANEL_2X2;XIRECS;9343.0;1
189700;;;PANEL_2X4;XIRECS;10277.0;1
189700;;;PANEL_4X4;XIRECS;10292.0;1
189700;;;ROBOT_DISHES;XIRECS;9052.0;1
189700;;;ROBOT_IRONING;XIRECS;9866.0;1
189700;;;ROBOT_LAUNDRY;XIRECS;10022.0;1
189700;;;ROBOT_MOPPING;XIRECS;10347.0;1
189700;;;ROBOT_VACUUMING;XIRECS;9160.0;1
189700;;;SLEEP_POD_COTTON;XIRECS;10130.0;1
189700;;;SLEEP_POD_LAMB_WOOL;XIRECS;11453.0;1
189700;;;SLEEP_POD_NYLON;XIRECS;9814.0;1
189700;;;SLEEP_POD_POLYESTER;XIRECS;10665.0;1
189700;;;SLEEP_POD_SUEDE;XIRECS;9984.0;1
189700;;;SNACKPACK_CHOCOLATE;XIRECS;10090.0;1
189700;;;SNACKPACK_PISTACHIO;XIRECS;9726.0;1
189700;;;SNACKPACK_RASPBERRY;XIRECS;10240.0;1
189700;;;SNACKPACK_STRAWBERRY;XIRECS;10030.0;1
189700;;;SNACKPACK_VANILLA;XIRECS;9971.0;1
189700;;;TRANSLATOR_ASTRO_BLACK;XIRECS;9981.0;1
189700;;;TRANSLATOR_ECLIPSE_CHARCOAL;XIRECS;9665.0;1
189700;;;TRANSLATOR_GRAPHITE_MIST;XIRECS;10183.0;1
189700;;;TRANSLATOR_SPACE_GRAY;XIRECS;9952.0;1
189700;;;TRANSLATOR_VOID_BLUE;XIRECS;9885.0;1
189700;;;UV_VISOR_AMBER;XIRECS;9582.0;1
189700;;;UV_VISOR_MAGENTA;XIRECS;10342.0;1
189700;;;UV_VISOR_ORANGE;XIRECS;10104.0;1
189700;;;UV_VISOR_RED;XIRECS;10850.0;1
189700;;;UV_VISOR_YELLOW;XIRECS;9844.0;1
193500;;;MICROCHIP_CIRCLE;XIRECS;9134.0;2
193500;;;MICROCHIP_OVAL;XIRECS;9593.0;2
193500;;;MICROCHIP_RECTANGLE;XIRECS;9832.0;2
193500;;;MICROCHIP_SQUARE;XIRECS;10294.0;2
193500;;;MICROCHIP_TRIANGLE;XIRECS;9857.0;2
194400;;;GALAXY_SOUNDS_BLACK_HOLES;XIRECS;10546.0;1
194400;;;GALAXY_SOUNDS_DARK_MATTER;XIRECS;9882.0;1
194400;;;GALAXY_SOUNDS_PLANETARY_RINGS;XIRECS;10264.0;1
194400;;;GALAXY_SOUNDS_SOLAR_FLAMES;XIRECS;10779.0;1
194400;;;GALAXY_SOUNDS_SOLAR_WINDS;XIRECS;10798.0;1
194400;;;OXYGEN_SHAKE_CHOCOLATE;XIRECS;9264.0;1
194400;;;OXYGEN_SHAKE_EVENING_BREATH;XIRECS;9544.0;1
194400;;;OXYGEN_SHAKE_GARLIC;XIRECS;9840.0;1
194400;;;OXYGEN_SHAKE_MINT;XIRECS;10074.0;1
194400;;;OXYGEN_SHAKE_MORNING_BREATH;XIRECS;11182.0;1
194400;;;PANEL_1X2;XIRECS;9709.0;1
194400;;;PANEL_1X4;XIRECS;9545.0;1
194400;;;PANEL_2X2;XIRECS;9393.0;1
194400;;;PANEL_2X4;XIRECS;10268.0;1
194400;;;PANEL_4X4;XIRECS;10417.0;1
194400;;;ROBOT_DISHES;XIRECS;9086.0;1
194400;;;ROBOT_IRONING;XIRECS;9886.0;1
194400;;;ROBOT_LAUNDRY;XIRECS;10080.0;1
194400;;;ROBOT_MOPPING;XIRECS;10492.0;1
194400;;;ROBOT_VACUUMING;XIRECS;9241.0;1
194400;;;SLEEP_POD_COTTON;XIRECS;10188.0;1
194400;;;SLEEP_POD_LAMB_WOOL;XIRECS;11531.0;1
194400;;;SLEEP_POD_NYLON;XIRECS;9777.0;1
194400;;;SLEEP_POD_POLYESTER;XIRECS;10575.0;1
194400;;;SLEEP_POD_SUEDE;XIRECS;10034.0;1
194400;;;SNACKPACK_CHOCOLATE;XIRECS;10063.0;1
194400;;;SNACKPACK_PISTACHIO;XIRECS;9742.0;1
194400;;;SNACKPACK_RASPBERRY;XIRECS;10206.0;1
194400;;;SNACKPACK_STRAWBERRY;XIRECS;10082.0;1
194400;;;SNACKPACK_VANILLA;XIRECS;9980.0;1
194400;;;TRANSLATOR_ASTRO_BLACK;XIRECS;10000.0;1
194400;;;TRANSLATOR_ECLIPSE_CHARCOAL;XIRECS;9607.0;1
194400;;;TRANSLATOR_GRAPHITE_MIST;XIRECS;10105.0;1
194400;;;TRANSLATOR_SPACE_GRAY;XIRECS;9955.0;1
194400;;;TRANSLATOR_VOID_BLUE;XIRECS;9747.0;1
194400;;;UV_VISOR_AMBER;XIRECS;9421.0;1
194400;;;UV_VISOR_MAGENTA;XIRECS;10234.0;1
194400;;;UV_VISOR_ORANGE;XIRECS;10025.0;1
194400;;;UV_VISOR_RED;XIRECS;10837.0;1
194400;;;UV_VISOR_YELLOW;XIRECS;9738.0;1
198500;;;GALAXY_SOUNDS_BLACK_HOLES;XIRECS;10534.0;3
198500;;;GALAXY_SOUNDS_DARK_MATTER;XIRECS;9863.0;3
198500;;;GALAXY_SOUNDS_PLANETARY_RINGS;XIRECS;10225.0;3
198500;;;GALAXY_SOUNDS_SOLAR_FLAMES;XIRECS;10765.0;3
198500;;;GALAXY_SOUNDS_SOLAR_WINDS;XIRECS;10703.0;3
198500;;;OXYGEN_SHAKE_CHOCOLATE;XIRECS;9266.0;3
198500;;;OXYGEN_SHAKE_EVENING_BREATH;XIRECS;9596.0;3
198500;;;OXYGEN_SHAKE_GARLIC;XIRECS;9977.0;3
198500;;;OXYGEN_SHAKE_MINT;XIRECS;9956.0;3
198500;;;OXYGEN_SHAKE_MORNING_BREATH;XIRECS;11093.0;3
198500;;;PANEL_1X2;XIRECS;9720.0;3
198500;;;PANEL_1X4;XIRECS;9631.0;3
198500;;;PANEL_2X2;XIRECS;9335.0;3
198500;;;PANEL_2X4;XIRECS;10236.0;3
198500;;;PANEL_4X4;XIRECS;10382.0;3
198500;;;ROBOT_DISHES;XIRECS;9065.0;3
198500;;;ROBOT_IRONING;XIRECS;9834.0;3
198500;;;ROBOT_LAUNDRY;XIRECS;10038.0;3
198500;;;ROBOT_MOPPING;XIRECS;10487.0;3
198500;;;ROBOT_VACUUMING;XIRECS;9266.0;3
198500;;;SLEEP_POD_COTTON;XIRECS;10137.0;3
198500;;;SLEEP_POD_LAMB_WOOL;XIRECS;11487.0;3
198500;;;SLEEP_POD_NYLON;XIRECS;9809.0;3
198500;;;SLEEP_POD_POLYESTER;XIRECS;10682.0;3
198500;;;SLEEP_POD_SUEDE;XIRECS;10004.0;3
198500;;;SNACKPACK_CHOCOLATE;XIRECS;10012.0;3
198500;;;SNACKPACK_PISTACHIO;XIRECS;9695.0;3
198500;;;SNACKPACK_RASPBERRY;XIRECS;10308.0;3
198500;;;SNACKPACK_STRAWBERRY;XIRECS;10001.0;3
198500;;;SNACKPACK_VANILLA;XIRECS;10064.0;3
198500;;;TRANSLATOR_ASTRO_BLACK;XIRECS;9983.0;3
198500;;;TRANSLATOR_ECLIPSE_CHARCOAL;XIRECS;9545.0;3
198500;;;TRANSLATOR_GRAPHITE_MIST;XIRECS;10144.0;3
198500;;;TRANSLATOR_SPACE_GRAY;XIRECS;9942.0;3
198500;;;TRANSLATOR_VOID_BLUE;XIRECS;9780.0;3
198500;;;UV_VISOR_AMBER;XIRECS;9492.0;3
198500;;;UV_VISOR_MAGENTA;XIRECS;10288.0;3
198500;;;UV_VISOR_ORANGE;XIRECS;9945.0;3
198500;;;UV_VISOR_RED;XIRECS;10785.0;3
198500;;;UV_VISOR_YELLOW;XIRECS;9817.0;3
199400;;;PEBBLES_L;XIRECS;10116.0;4
199400;;;PEBBLES_M;XIRECS;9606.0;4
199400;;;PEBBLES_S;XIRECS;10111.0;4
199400;;;PEBBLES_XL;XIRECS;10367.0;4
199400;;;PEBBLES_XS;XIRECS;9833.0;4
200100;;;GALAXY_SOUNDS_BLACK_HOLES;XIRECS;10564.0;3
200100;;;GALAXY_SOUNDS_DARK_MATTER;XIRECS;9885.0;3
200100;;;GALAXY_SOUNDS_PLANETARY_RINGS;XIRECS;10220.0;3
200100;;;GALAXY_SOUNDS_SOLAR_FLAMES;XIRECS;10809.0;3
200100;;;GALAXY_SOUNDS_SOLAR_WINDS;XIRECS;10755.0;3
200100;;;OXYGEN_SHAKE_CHOCOLATE;XIRECS;9216.0;3
200100;;;OXYGEN_SHAKE_EVENING_BREATH;XIRECS;9596.0;3
200100;;;OXYGEN_SHAKE_GARLIC;XIRECS;10052.0;3
200100;;;OXYGEN_SHAKE_MINT;XIRECS;9933.0;3
200100;;;OXYGEN_SHAKE_MORNING_BREATH;XIRECS;11078.0;3
200100;;;PANEL_1X2;XIRECS;9711.0;3
200100;;;PANEL_1X4;XIRECS;9620.0;3
200100;;;PANEL_2X2;XIRECS;9342.0;3
200100;;;PANEL_2X4;XIRECS;10209.0;3
200100;;;PANEL_4X4;XIRECS;10355.0;3
200100;;;ROBOT_DISHES;XIRECS;9087.0;3
200100;;;ROBOT_IRONING;XIRECS;9844.0;3
200100;;;ROBOT_LAUNDRY;XIRECS;10096.0;3
200100;;;ROBOT_MOPPING;XIRECS;10516.0;3
200100;;;ROBOT_VACUUMING;XIRECS;9258.0;3
200100;;;SLEEP_POD_COTTON;XIRECS;10173.0;3
200100;;;SLEEP_POD_LAMB_WOOL;XIRECS;11377.0;3
200100;;;SLEEP_POD_NYLON;XIRECS;9901.0;3
200100;;;SLEEP_POD_POLYESTER;XIRECS;10653.0;3
200100;;;SLEEP_POD_SUEDE;XIRECS;10023.0;3
200100;;;SNACKPACK_CHOCOLATE;XIRECS;10025.0;3
200100;;;SNACKPACK_PISTACHIO;XIRECS;9675.0;3
200100;;;SNACKPACK_RASPBERRY;XIRECS;10321.0;3
200100;;;SNACKPACK_STRAWBERRY;XIRECS;9998.0;3
200100;;;SNACKPACK_VANILLA;XIRECS;10048.0;3
200100;;;TRANSLATOR_ASTRO_BLACK;XIRECS;9977.0;3
200100;;;TRANSLATOR_ECLIPSE_CHARCOAL;XIRECS;9533.0;3
200100;;;TRANSLATOR_GRAPHITE_MIST;XIRECS;10166.0;3
200100;;;TRANSLATOR_SPACE_GRAY;XIRECS;9934.0;3
200100;;;TRANSLATOR_VOID_BLUE;XIRECS;9817.0;3
200100;;;UV_VISOR_AMBER;XIRECS;9464.0;3
200100;;;UV_VISOR_MAGENTA;XIRECS;10289.0;3
200100;;;UV_VISOR_ORANGE;XIRECS;9913.0;3
200100;;;UV_VISOR_RED;XIRECS;10850.0;3
200100;;;UV_VISOR_YELLOW;XIRECS;9837.0;3
200500;;;MICROCHIP_CIRCLE;XIRECS;9175.0;1
200500;;;MICROCHIP_OVAL;XIRECS;9558.0;1
200500;;;MICROCHIP_RECTANGLE;XIRECS;9772.0;1
200500;;;MICROCHIP_SQUARE;XIRECS;10643.0;1
200500;;;MICROCHIP_TRIANGLE;XIRECS;9758.0;1
201400;;;GALAXY_SOUNDS_BLACK_HOLES;XIRECS;10512.0;1
201400;;;GALAXY_SOUNDS_DARK_MATTER;XIRECS;9872.0;1
201400;;;GALAXY_SOUNDS_PLANETARY_RINGS;XIRECS;10214.0;1
201400;;;GALAXY_SOUNDS_SOLAR_FLAMES;XIRECS;10833.0;1
201400;;;GALAXY_SOUNDS_SOLAR_WINDS;XIRECS;10727.0;1
201400;;;OXYGEN_SHAKE_CHOCOLATE;XIRECS;9226.0;1
201400;;;OXYGEN_SHAKE_EVENING_BREATH;XIRECS;9676.0;1
201400;;;OXYGEN_SHAKE_GARLIC;XIRECS;10087.0;1
201400;;;OXYGEN_SHAKE_MINT;XIRECS;9957.0;1
201400;;;OXYGEN_SHAKE_MORNING_BREATH;XIRECS;11065.0;1
201400;;;PANEL_1X2;XIRECS;9708.0;1
201400;;;PANEL_1X4;XIRECS;9668.0;1
201400;;;PANEL_2X2;XIRECS;9301.0;1
201400;;;PANEL_2X4;XIRECS;10199.0;1
201400;;;PANEL_4X4;XIRECS;10400.0;1
201400;;;ROBOT_DISHES;XIRECS;9071.0;1
201400;;;ROBOT_IRONING;XIRECS;9774.0;1
201400;;;ROBOT_LAUNDRY;XIRECS;10092.0;1
201400;;;ROBOT_MOPPING;XIRECS;10503.0;1
201400;;;ROBOT_VACUUMING;XIRECS;9255.0;1
201400;;;SLEEP_POD_COTTON;XIRECS;10152.0;1
201400;;;SLEEP_POD_LAMB_WOOL;XIRECS;11386.0;1
201400;;;SLEEP_POD_NYLON;XIRECS;9851.0;1
201400;;;SLEEP_POD_POLYESTER;XIRECS;10713.0;1
201400;;;SLEEP_POD_SUEDE;XIRECS;10007.0;1
201400;;;SNACKPACK_CHOCOLATE;XIRECS;10021.0;1
201400;;;SNACKPACK_PISTACHIO;XIRECS;9681.0;1
201400;;;SNACKPACK_RASPBERRY;XIRECS;10335.0;1
201400;;;SNACKPACK_STRAWBERRY;XIRECS;9986.0;1
201400;;;SNACKPACK_VANILLA;XIRECS;10049.0;1
201400;;;TRANSLATOR_ASTRO_BLACK;XIRECS;9963.0;1
201400;;;TRANSLATOR_ECLIPSE_CHARCOAL;XIRECS;9458.0;1
201400;;;TRANSLATOR_GRAPHITE_MIST;XIRECS;10215.0;1
201400;;;TRANSLATOR_SPACE_GRAY;XIRECS;9868.0;1
201400;;;TRANSLATOR_VOID_BLUE;XIRECS;9805.0;1
201400;;;UV_VISOR_AMBER;XIRECS;9454.0;1
201400;;;UV_VISOR_MAGENTA;XIRECS;10284.0;1
201400;;;UV_VISOR_ORANGE;XIRECS;9882.0;1
201400;;;UV_VISOR_RED;XIRECS;10872.0;1
201400;;;UV_VISOR_YELLOW;XIRECS;9845.0;1
206200;;;GALAXY_SOUNDS_BLACK_HOLES;XIRECS;10481.0;3
206200;;;GALAXY_SOUNDS_DARK_MATTER;XIRECS;9894.0;3
206200;;;GALAXY_SOUNDS_PLANETARY_RINGS;XIRECS;10068.0;3
206200;;;GALAXY_SOUNDS_SOLAR_FLAMES;XIRECS;10943.0;3
206200;;;GALAXY_SOUNDS_SOLAR_WINDS;XIRECS;10663.0;3
206200;;;OXYGEN_SHAKE_CHOCOLATE;XIRECS;9320.0;3
206200;;;OXYGEN_SHAKE_EVENING_BREATH;XIRECS;9710.0;3
206200;;;OXYGEN_SHAKE_GARLIC;XIRECS;10209.0;3
206200;;;OXYGEN_SHAKE_MINT;XIRECS;9951.0;3
206200;;;OXYGEN_SHAKE_MORNING_BREATH;XIRECS;11009.0;3
206200;;;PANEL_1X2;XIRECS;9619.0;3
206200;;;PANEL_1X4;XIRECS;9640.0;3
206200;;;PANEL_2X2;XIRECS;9379.0;3
206200;;;PANEL_2X4;XIRECS;10139.0;3
206200;;;PANEL_4X4;XIRECS;10344.0;3
206200;;;ROBOT_DISHES;XIRECS;8979.0;3
206200;;;ROBOT_IRONING;XIRECS;9730.0;3
