day;timestamp;product;bid_price_1;bid_volume_1;bid_price_2;bid_volume_2;bid_price_3;bid_volume_3;ask_price_1;ask_volume_1;ask_price_2;ask_volume_2;ask_price_3;ask_volume_3;mid_price;profit_and_loss
1;0;INTARIAN_PEPPER_ROOT;12987;13;;;;;13004;10;;;;;12996;0.0
1;100;INTARIAN_PEPPER_ROOT;13001;12;;;;;13009;14;13012;30;;;13001;0.0
1;200;INTARIAN_PEPPER_ROOT;12981;14;12978;24;;;12998;11;;;;;12989;0.0
1;300;INTARIAN_PEPPER_ROOT;12983;14;12981;25;;;13000;12;13003;30;;;12992;0.0
1;400;INTARIAN_PEPPER_ROOT;12991;15;12989;29;12986;15;13004;29;;;;;12999;0.0
1;500;INTARIAN_PEPPER_ROOT;12983;12;;;;;;;;;;;12991;0.0
1;600;INTARIAN_PEPPER_ROOT;12988;11;12984;29;;;13006;28;;;;;12996;0.0
1;700;INTARIAN_PEPPER_ROOT;12995;15;;;;;13008;12;13011;28;;;13000;0.0
1;800;INTARIAN_PEPPER_ROOT;12992;14;12989;27;;;13008;14;;;;;13000;0.0
1;900;INTARIAN_PEPPER_ROOT;12988;15;12986;22;;;13005;14;13006;27;;;12996;0.0
1;1000;INTARIAN_PEPPER_ROOT;12988;13;12986;22;;;13004;14;13004;30;;;12996;0.0
1;1100;INTARIAN_PEPPER_ROOT;12990;30;12989;10;12984;28;13008;12;13010;22;;;13000;0.0
1;1200;INTARIAN_PEPPER_ROOT;12988;21;12988;29;;;13006;13;13009;26;;;12998;0.0
1;1300;INTARIAN_PEPPER_ROOT;12989;14;12991;22;;;13006;14;;;;;12998;0.0
1;1400;INTARIAN_PEPPER_ROOT;12991;10;;;;;13008;11;13010;30;;;13000;0.0
1;1500;INTARIAN_PEPPER_ROOT;12983;15;;;;;12999;11;;;;;12991;0.0
1;1600;INTARIAN_PEPPER_ROOT;12995;11;;;;;13011;10;13015;25;;;13003;0.0
1;1700;INTARIAN_PEPPER_ROOT;12986;15;12983;23;;;13002;11;13005;23;;;12994;0.0
1;1800;INTARIAN_PEPPER_ROOT;12992;10;;;;;;;;;;;13000;0.0
1;1900;INTARIAN_PEPPER_ROOT;12983;23;12981;20;;;13000;13;13003;28;;;12992;0.0
1;2000;INTARIAN_PEPPER_ROOT;;;;;;;13000;11;13002;26;;;12992;0.0
1;2100;INTARIAN_PEPPER_ROOT;12992;10;12990;24;;;13009;12;;;;;13001;0.0
1;2200;INTARIAN_PEPPER_ROOT;12994;12;12992;29;;;13010;11;;;;;13002;0.0
1;2300;INTARIAN_PEPPER_ROOT;12984;15;12981;27;;;;;;;;;12992;0.0
1;2400;INTARIAN_PEPPER_ROOT;12990;13;12988;30;;;13006;11;13009;27;;;12998;0.0
1;2500;INTARIAN_PEPPER_ROOT;12997;13;;;;;13014;15;13007;23;;;13005;0.0
1;2600;INTARIAN_PEPPER_ROOT;12990;11;12988;30;;;13008;13;13008;27;;;12998;0.0
1;2700;INTARIAN_PEPPER_ROOT;12996;11;;;;;13015;13;13015;25;;;13005;0.0
1;2800;INTARIAN_PEPPER_ROOT;12994;12;;;;;13010;11;13014;27;;;13002;0.0
1;2900;INTARIAN_PEPPER_ROOT;12994;13;12992;28;;;13010;13;13014;25;;;13002;0.0
1;3000;INTARIAN_PEPPER_ROOT;12985;13;;;;;13001;13;;;;;12993;0.0
1;3100;INTARIAN_PEPPER_ROOT;12992;15;12990;29;;;13000;12;13011;28;;;13000;0.0
1;3200;INTARIAN_PEPPER_ROOT;12982;28;12981;24;;;13001;10;13001;23;;;12991;0.0
1;3300;INTARIAN_PEPPER_ROOT;12994;26;;;;;13011;12;;;;;13003;0.0
1;3400;INTARIAN_PEPPER_ROOT;12992;12;12989;26;;;13008;11;13010;28;;;13000;0.0
1;3500;INTARIAN_PEPPER_ROOT;12992;27;12998;24;;;;;;;;;13001;0.0
1;3600;INTARIAN_PEPPER_ROOT;12985;14;12982;21;;;13002;13;13003;21;;;12993;0.0
1;3700;INTARIAN_PEPPER_ROOT;12986;11;12982;30;;;13002;10;13005;13;;;12994;0.0
1;3800;INTARIAN_PEPPER_ROOT;12994;11;12997;30;;;13004;6;;;;;13002;0.0
1;3900;INTARIAN_PEPPER_ROOT;12992;12;;;;;13008;15;13011;28;;;13000;0.0
1;4000;INTARIAN_PEPPER_ROOT;12994;11;12990;21;;;13010;11;13012;25;;;13002;0.0
1;4100;INTARIAN_PEPPER_ROOT;12991;13;12998;26;;;13005;14;13011;26;;;13000;0.0
1;4200;INTARIAN_PEPPER_ROOT;12998;13;;;;;13014;12;;;;;13006;0.0
1;4300;INTARIAN_PEPPER_ROOT;13001;12;12993;20;;;13012;13;13014;21;;;13004;0.0
1;4400;INTARIAN_PEPPER_ROOT;12995;10;12995;22;;;13011;10;13014;28;;;13003;0.0
1;4500;INTARIAN_PEPPER_ROOT;12992;10;;;;;13009;15;13011;24;;;13001;0.0
1;4600;INTARIAN_PEPPER_ROOT;12994;15;12991;20;;;13011;28;13013;26;;;13002;0.0
1;4700;INTARIAN_PEPPER_ROOT;12994;28;;;;;13012;27;;;;;13003;0.0
1;4800;INTARIAN_PEPPER_ROOT;12993;11;;;;;;;;;;;13001;0.0
1;4900;INTARIAN_PEPPER_ROOT;12993;10;;;;;13009;12;;;;;13001;0.0
1;5000;INTARIAN_PEPPER_ROOT;12985;14;;;;;13004;12;13006;26;;;12995;0.0
1;5100;INTARIAN_PEPPER_ROOT;12998;12;12992;24;;;13011;12;13014;23;;;13003;0.0
1;5200;INTARIAN_PEPPER_ROOT;12991;11;12989;22;;;13007;12;13009;25;;;12999;0.0
1;5300;INTARIAN_PEPPER_ROOT;12991;14;12989;26;;;13007;14;13010;21;;;12999;0.0
1;5400;INTARIAN_PEPPER_ROOT;13000;9;12993;27;;;13013;11;13016;24;;;13005;0.0
1;5500;INTARIAN_PEPPER_ROOT;12994;11;;;;;13002;13;13006;26;;;12994;0.0
1;5600;INTARIAN_PEPPER_ROOT;12997;11;12994;25;;;13011;4;;;;;13005;0.0
1;5700;INTARIAN_PEPPER_ROOT;12997;23;12995;21;;;13014;15;13016;23;;;13006;0.0
1;5800;INTARIAN_PEPPER_ROOT;12996;11;12993;25;;;;;;;;;13004;0.0
1;5900;INTARIAN_PEPPER_ROOT;13002;15;12992;28;;;13011;11;13012;20;13018;21;13002;0.0
1;6000;INTARIAN_PEPPER_ROOT;12996;12;;;;;13013;10;;;;;13004;0.0
1;6100;INTARIAN_PEPPER_ROOT;12998;13;12993;10;;;13003;14;;;;;13003;0.0
1;6200;INTARIAN_PEPPER_ROOT;12995;11;;;;;13011;15;;;;;13003;0.0
1;6300;INTARIAN_PEPPER_ROOT;12992;10;12990;20;;;;;;;;;13001;0.0
1;6400;INTARIAN_PEPPER_ROOT;12995;10;12998;26;;;13011;13;13013;30;;;13003;0.0
1;6500;INTARIAN_PEPPER_ROOT;12988;10;12984;21;;;13004;11;13007;23;;;12996;0.0
1;6600;INTARIAN_PEPPER_ROOT;12992;23;12991;27;;;13010;13;;;;;13002;0.0
1;6700;INTARIAN_PEPPER_ROOT;12988;15;;;;;13004;12;;;;;12996;0.0
1;6800;INTARIAN_PEPPER_ROOT;12996;10;12993;21;;;13013;25;13014;22;;;13004;0.0
1;6900;INTARIAN_PEPPER_ROOT;12987;12;12985;29;;;13003;11;13005;28;;;12995;0.0
1;7000;INTARIAN_PEPPER_ROOT;12994;13;12991;10;;;13013;30;;;;;13003;0.0
1;7100;INTARIAN_PEPPER_ROOT;13001;13;12993;20;;;13004;26;13014;24;;;13004;0.0
1;7200;INTARIAN_PEPPER_ROOT;12994;11;12986;28;;;13005;10;;;;;12997;0.0
1;7300;INTARIAN_PEPPER_ROOT;;;;;;;13016;20;13017;21;;;13007;0.0
1;7400;INTARIAN_PEPPER_ROOT;12989;13;;;;;13006;28;;;;;12997;0.0
1;7500;INTARIAN_PEPPER_ROOT;12993;30;;;;;;;;;;;13004;0.0
1;7600;INTARIAN_PEPPER_ROOT;12991;25;12989;23;;;13008;14;;;;;13000;0.0
1;7700;INTARIAN_PEPPER_ROOT;12992;14;;;;;13009;13;;;;;13001;0.0
1;7800;INTARIAN_PEPPER_ROOT;12987;10;12985;25;;;13004;14;;;;;12996;0.0
1;7900;INTARIAN_PEPPER_ROOT;13000;11;12998;24;;;13016;12;;;;;13008;0.0
1;8000;INTARIAN_PEPPER_ROOT;12998;10;12998;21;;;;;;;;;13007;0.0
1;8100;INTARIAN_PEPPER_ROOT;13000;27;;;;;13018;29;;;;;13009;0.0
1;8200;INTARIAN_PEPPER_ROOT;13000;12;13001;24;12993;21;13016;10;13010;23;;;13008;0.0
1;8300;INTARIAN_PEPPER_ROOT;12989;10;12986;20;;;13003;12;13008;22;;;12997;0.0
1;8400;INTARIAN_PEPPER_ROOT;12998;14;;;;;13017;13;;;;;13008;0.0
1;8500;INTARIAN_PEPPER_ROOT;12999;11;;;;;13015;11;;;;;13007;0.0
1;8600;INTARIAN_PEPPER_ROOT;13001;15;;;;;13017;12;13020;28;;;13009;0.0
1;8700;INTARIAN_PEPPER_ROOT;;;;;;;13013;13;13015;30;;;13005;0.0
1;8800;INTARIAN_PEPPER_ROOT;13000;13;12998;26;;;13018;15;13018;21;;;13008;0.0
1;8900;INTARIAN_PEPPER_ROOT;12990;10;12988;29;;;13006;13;13009;24;;;12998;0.0
1;9000;INTARIAN_PEPPER_ROOT;12989;15;12987;20;;;13005;13;;;;;12997;0.0
1;9100;INTARIAN_PEPPER_ROOT;12990;15;12987;20;;;13006;12;;;;;12998;0.0
1;9200;INTARIAN_PEPPER_ROOT;12997;23;12994;27;;;13013;14;13017;24;;;13005;0.0
1;9300;INTARIAN_PEPPER_ROOT;13002;11;13000;25;;;13018;11;13020;21;;;13010;0.0
1;9400;INTARIAN_PEPPER_ROOT;12996;10;12993;28;12990;26;13012;13;;;;;13004;0.0
1;9500;INTARIAN_PEPPER_ROOT;13001;11;12997;20;;;13018;10;;;;;13009;0.0
1;9600;INTARIAN_PEPPER_ROOT;12998;15;12996;21;;;13015;14;13017;12;;;13006;0.0
1;9700;INTARIAN_PEPPER_ROOT;13000;12;;;;;13017;11;13019;21;;;13008;0.0
1;9800;INTARIAN_PEPPER_ROOT;12990;11;12986;27;;;13006;12;13009;29;;;12998;0.0
1;9900;INTARIAN_PEPPER_ROOT;12995;30;12995;15;;;13015;25;13016;25;;;13006;0.0
1;10000;INTARIAN_PEPPER_ROOT;12997;26;12995;23;;;13012;4;13017;23;;;13006;0.0
1;10100;INTARIAN_PEPPER_ROOT;13000;12;;;;;13016;10;13018;25;;;13008;0.0
1;10200;INTARIAN_PEPPER_ROOT;12996;27;13003;20;;;13013;15;13017;21;;;13005;0.0
1;10300;INTARIAN_PEPPER_ROOT;12997;10;12994;21;;;13013;15;13017;23;;;13005;0.0
1;10400;INTARIAN_PEPPER_ROOT;12998;22;13003;30;;;13016;10;;;;;13008;0.0
1;10500;INTARIAN_PEPPER_ROOT;13003;13;;;;;13019;15;13021;29;;;13011;0.0
1;10600;INTARIAN_PEPPER_ROOT;13000;13;;;;;13017;15;13020;21;;;13009;0.0
1;10700;INTARIAN_PEPPER_ROOT;12993;12;12991;20;;;13009;10;13011;22;;;13001;0.0
1;10800;INTARIAN_PEPPER_ROOT;12994;14;12993;28;;;13011;12;;;;;13003;0.0
1;10900;INTARIAN_PEPPER_ROOT;12993;12;;;;;13009;10;13013;23;;;13001;0.0
1;11000;INTARIAN_PEPPER_ROOT;13003;15;13001;29;;;13012;28;13021;29;;;13011;0.0
1;11100;INTARIAN_PEPPER_ROOT;13000;23;;;;;13019;26;13019;23;;;13009;0.0
1;11200;INTARIAN_PEPPER_ROOT;13003;11;;;;;13019;29;;;;;13011;0.0
1;11300;INTARIAN_PEPPER_ROOT;13003;13;13001;23;;;13021;12;13024;27;;;13012;0.0
1;11400;INTARIAN_PEPPER_ROOT;13001;10;;;;;13017;14;13012;30;;;13009;0.0
1;11500;INTARIAN_PEPPER_ROOT;13004;10;13001;29;;;13020;10;13023;26;;;13012;0.0
1;11600;INTARIAN_PEPPER_ROOT;13003;15;;;;;13019;11;13022;14;;;13011;0.0
1;11700;INTARIAN_PEPPER_ROOT;13003;12;;;;;13021;25;13024;29;;;13012;0.0
1;11800;INTARIAN_PEPPER_ROOT;13009;2;13004;26;;;13019;14;;;;;13014;0.0
1;11900;INTARIAN_PEPPER_ROOT;13003;11;13000;10;;;13019;10;13021;22;;;13011;0.0
1;12000;INTARIAN_PEPPER_ROOT;12993;12;12990;23;;;13010;25;13011;26;;;13001;0.0
1;12100;INTARIAN_PEPPER_ROOT;13001;29;;;;;13017;15;13022;23;;;13011;0.0
1;12200;INTARIAN_PEPPER_ROOT;13001;14;12999;21;;;13017;10;;;;;13009;0.0
1;12300;INTARIAN_PEPPER_ROOT;13000;13;12998;23;;;13014;30;;;;;13008;0.0
1;12400;INTARIAN_PEPPER_ROOT;13012;14;;;;;13028;12;;;;;13020;0.0
1;12500;INTARIAN_PEPPER_ROOT;13004;10;13003;22;;;13023;11;13025;29;;;13013;0.0
1;12600;INTARIAN_PEPPER_ROOT;13012;14;13010;23;;;13022;10;13022;29;;;13012;0.0
1;12700;INTARIAN_PEPPER_ROOT;13002;11;13000;26;;;13018;10;13021;26;;;13010;0.0
1;12800;INTARIAN_PEPPER_ROOT;12993;12;12991;21;;;13009;14;13009;23;;;13001;0.0
1;12900;INTARIAN_PEPPER_ROOT;12995;14;12993;30;;;13012;13;13014;23;;;13003;0.0
1;13000;INTARIAN_PEPPER_ROOT;13007;12;13005;28;;;13023;15;13025;29;;;13015;0.0
1;13100;INTARIAN_PEPPER_ROOT;13005;15;13003;20;;;13021;11;;;;;13013;0.0
1;13200;INTARIAN_PEPPER_ROOT;13000;10;12997;27;;;13017;10;13018;22;;;13009;0.0
1;13300;INTARIAN_PEPPER_ROOT;13014;10;13004;20;;;13024;11;;;;;13016;0.0
1;13400;INTARIAN_PEPPER_ROOT;13003;27;;;;;13021;15;;;;;13013;0.0
1;13500;INTARIAN_PEPPER_ROOT;13002;14;;;;;13014;5;13017;21;;;13010;0.0
1;13600;INTARIAN_PEPPER_ROOT;;;;;;;13019;11;;;;;13010;0.0
1;13700;INTARIAN_PEPPER_ROOT;13005;15;13003;20;;;13021;13;13023;29;;;13013;0.0
1;13800;INTARIAN_PEPPER_ROOT;13000;29;12999;29;;;13018;15;13022;28;;;13010;0.0
1;13900;INTARIAN_PEPPER_ROOT;13002;13;13001;28;;;13011;12;;;;;13011;0.0
1;14000;INTARIAN_PEPPER_ROOT;12999;30;12999;28;;;13017;14;;;;;13009;0.0
1;14100;INTARIAN_PEPPER_ROOT;;;;;;;13023;11;13025;24;;;13015;0.0
1;14200;INTARIAN_PEPPER_ROOT;13005;24;13003;20;;;13022;13;13024;28;;;13014;0.0
1;14300;INTARIAN_PEPPER_ROOT;13005;11;13002;22;;;13021;11;13026;15;13028;24;13013;0.0
1;14400;INTARIAN_PEPPER_ROOT;12998;29;12996;20;;;13016;14;13018;22;13023;22;13007;0.0
1;14500;INTARIAN_PEPPER_ROOT;;;;;;;13020;10;;;;;13011;0.0
1;14600;INTARIAN_PEPPER_ROOT;13000;27;13000;20;;;13018;11;13021;29;;;13010;0.0
1;14700;INTARIAN_PEPPER_ROOT;13001;15;;;;;13018;29;;;;;13009;0.0
1;14800;INTARIAN_PEPPER_ROOT;13006;14;13004;26;;;13022;12;13024;25;;;13014;0.0
1;14900;INTARIAN_PEPPER_ROOT;13006;13;13004;29;;;13022;14;13024;20;;;13014;0.0
1;15000;INTARIAN_PEPPER_ROOT;13017;8;;;;;13026;11;13029;23;;;13017;0.0
1;15100;INTARIAN_PEPPER_ROOT;13007;11;;;;;13024;23;13025;25;;;13015;0.0
1;15200;INTARIAN_PEPPER_ROOT;12999;25;13000;27;;;13018;12;;;;;13010;0.0
1;15300;INTARIAN_PEPPER_ROOT;13006;14;13003;22;;;13023;13;;;;;13014;0.0
1;15400;INTARIAN_PEPPER_ROOT;13003;29;13001;21;;;13021;11;13015;23;;;13012;0.0
1;15500;INTARIAN_PEPPER_ROOT;12995;11;;;;;13013;30;13014;27;;;13004;0.0
1;15600;INTARIAN_PEPPER_ROOT;13005;10;;;;;13021;10;13015;21;;;13013;0.0
1;15700;INTARIAN_PEPPER_ROOT;13007;12;13005;28;;;13023;15;13025;25;;;13015;0.0
1;15800;INTARIAN_PEPPER_ROOT;13008;11;13006;27;;;13024;15;13026;26;;;13016;0.0
1;15900;INTARIAN_PEPPER_ROOT;13006;12;13002;23;;;13022;14;;;;;13014;0.0
1;16000;INTARIAN_PEPPER_ROOT;13009;12;13005;25;;;13026;27;13029;13;13031;30;13017;0.0
1;16100;INTARIAN_PEPPER_ROOT;13005;12;13004;29;;;13023;13;13024;23;;;13014;0.0
1;16200;INTARIAN_PEPPER_ROOT;13004;23;13000;15;;;13021;13;13024;29;;;13013;0.0
1;16300;INTARIAN_PEPPER_ROOT;13008;10;13014;30;;;13025;22;13028;22;;;13017;0.0
1;16400;INTARIAN_PEPPER_ROOT;13006;13;13004;22;;;13023;26;13027;14;;;13014;0.0
1;16500;INTARIAN_PEPPER_ROOT;13005;11;;;;;13021;12;;;;;13013;0.0
1;16600;INTARIAN_PEPPER_ROOT;13004;15;13000;27;;;13021;11;13023;21;;;13012;0.0
1;16700;INTARIAN_PEPPER_ROOT;13006;27;13005;28;;;13025;22;;;;;13016;0.0
1;16800;INTARIAN_PEPPER_ROOT;13005;14;13003;21;;;13022;10;;;;;13013;0.0
1;16900;INTARIAN_PEPPER_ROOT;13004;20;13002;28;;;13014;12;13024;26;;;13014;0.0
1;17000;INTARIAN_PEPPER_ROOT;13005;10;13000;24;;;13014;28;13015;25;;;13005;0.0
1;17100;INTARIAN_PEPPER_ROOT;12997;14;;;;;13013;11;13015;22;;;13005;0.0
1;17200;INTARIAN_PEPPER_ROOT;13003;15;;;;;13006;11;13018;21;;;13006;0.0
1;17300;INTARIAN_PEPPER_ROOT;13007;3;13005;30;12999;22;13020;14;13022;24;;;13012;0.0
1;17400;INTARIAN_PEPPER_ROOT;13010;29;13007;28;;;;;;;;;13019;0.0
1;17500;INTARIAN_PEPPER_ROOT;13006;11;13003;27;;;13024;12;13025;28;;;13014;0.0
1;17600;INTARIAN_PEPPER_ROOT;13006;12;13003;21;;;13022;14;13024;27;;;13014;0.0
1;17700;INTARIAN_PEPPER_ROOT;13008;10;13006;21;;;13024;15;;;;;13016;0.0
1;17800;INTARIAN_PEPPER_ROOT;13006;20;13006;27;;;13024;11;;;;;13016;0.0
1;17900;INTARIAN_PEPPER_ROOT;13012;15;13010;30;;;13028;13;13030;21;;;13020;0.0
1;18000;INTARIAN_PEPPER_ROOT;13010;13;13006;21;;;13022;2;;;;;13018;0.0
1;18100;INTARIAN_PEPPER_ROOT;13008;12;13011;27;;;13026;14;;;;;13016;0.0
1;18200;INTARIAN_PEPPER_ROOT;13007;10;;;;;13023;15;;;;;13015;0.0
1;18300;INTARIAN_PEPPER_ROOT;13007;14;;;;;13023;11;13026;24;;;13015;0.0
1;18400;INTARIAN_PEPPER_ROOT;13005;13;;;;;13022;13;13023;25;;;13013;0.0
1;18500;INTARIAN_PEPPER_ROOT;13006;13;;;;;13019;3;13026;25;;;13014;0.0
1;18600;INTARIAN_PEPPER_ROOT;13007;14;13005;25;;;13023;10;;;;;13015;0.0
1;18700;INTARIAN_PEPPER_ROOT;13008;13;13005;28;;;13024;13;13026;26;;;13016;0.0
1;18800;INTARIAN_PEPPER_ROOT;13004;14;13001;22;12999;24;13020;12;;;;;13012;0.0
1;18900;INTARIAN_PEPPER_ROOT;13006;22;13003;22;;;;;;;;;13015;0.0
1;19000;INTARIAN_PEPPER_ROOT;13007;11;;;;;13025;13;13027;24;;;13017;0.0
1;19100;INTARIAN_PEPPER_ROOT;13005;13;;;;;13017;10;13019;23;;;13009;0.0
1;19200;INTARIAN_PEPPER_ROOT;13010;25;13008;27;;;13027;10;13030;24;;;13019;0.0
1;19300;INTARIAN_PEPPER_ROOT;13005;13;13004;10;;;13024;10;;;;;13014;0.0
1;19400;INTARIAN_PEPPER_ROOT;13008;15;13005;20;;;13018;5;13027;26;;;13016;0.0
1;19500;INTARIAN_PEPPER_ROOT;13000;11;12998;20;;;13016;12;;;;;13008;0.0
1;19600;INTARIAN_PEPPER_ROOT;13010;11;;;;;13030;30;13031;24;;;13020;0.0
1;19700;INTARIAN_PEPPER_ROOT;13005;5;12999;27;;;13018;12;13020;20;;;13010;0.0
1;19800;INTARIAN_PEPPER_ROOT;13012;15;;;;;13028;15;;;;;13020;0.0
1;19900;INTARIAN_PEPPER_ROOT;13012;10;13007;13;;;13029;13;13027;4;;;13020;0.0
1;20000;INTARIAN_PEPPER_ROOT;13017;6;13010;30;;;13030;10;13033;22;;;13022;0.0
1;20100;INTARIAN_PEPPER_ROOT;13012;15;13009;25;;;13028;12;13030;21;;;13020;0.0
1;20200;INTARIAN_PEPPER_ROOT;13013;11;13011;21;;;13030;12;13024;25;;;13021;0.0
1;20300;INTARIAN_PEPPER_ROOT;13007;14;;;;;13019;23;13017;21;;;13015;0.0
1;20400;INTARIAN_PEPPER_ROOT;13003;13;13001;26;;;13019;12;13022;26;;;13011;0.0
1;20500;INTARIAN_PEPPER_ROOT;13002;14;12999;24;;;13018;14;13020;28;13024;28;13010;0.0
1;20600;INTARIAN_PEPPER_ROOT;13004;11;;;;;13020;14;13022;29;;;13012;0.0
1;20700;INTARIAN_PEPPER_ROOT;13001;11;13000;22;;;13018;11;13012;24;;;13009;0.0
1;20800;INTARIAN_PEPPER_ROOT;13015;4;13009;10;;;13028;11;13031;24;;;13020;0.0
1;20900;INTARIAN_PEPPER_ROOT;13011;25;;;;;;;;;;;13022;0.0
1;21000;INTARIAN_PEPPER_ROOT;13009;15;;;;;13025;10;;;;;13017;0.0
1;21100;INTARIAN_PEPPER_ROOT;;;;;;;13017;10;13019;26;;;13009;0.0
1;21200;INTARIAN_PEPPER_ROOT;13004;12;;;;;;;;;;;13012;0.0
1;21300;INTARIAN_PEPPER_ROOT;13011;12;13010;26;;;13028;15;13030;26;;;13020;0.0
1;21400;INTARIAN_PEPPER_ROOT;13003;13;;;;;13019;11;;;;;13011;0.0
1;21500;INTARIAN_PEPPER_ROOT;13002;10;12999;26;;;13018;10;13020;20;;;13010;0.0
1;21600;INTARIAN_PEPPER_ROOT;13008;15;;;;;13024;14;13026;23;13031;24;13016;0.0
1;21700;INTARIAN_PEPPER_ROOT;13013;13;;;;;13029;14;13031;28;;;13021;0.0
1;21800;INTARIAN_PEPPER_ROOT;;;;;;;13026;10;13025;11;;;13018;0.0
1;21900;INTARIAN_PEPPER_ROOT;13010;15;13009;22;;;13028;15;13031;23;;;13020;0.0
1;22000;INTARIAN_PEPPER_ROOT;13014;11;13011;24;;;13030;15;;;;;13022;0.0
1;22100;INTARIAN_PEPPER_ROOT;13013;12;13011;28;13005;20;13029;12;13032;23;;;13021;0.0
1;22200;INTARIAN_PEPPER_ROOT;13007;14;13004;25;;;13023;10;13025;23;;;13015;0.0
1;22300;INTARIAN_PEPPER_ROOT;13021;11;;;;;13029;15;13031;28;;;13021;0.0
1;22400;INTARIAN_PEPPER_ROOT;13017;14;13009;22;;;13028;12;;;;;13020;0.0
1;22500;INTARIAN_PEPPER_ROOT;13009;13;13008;24;;;13026;13;13029;26;;;13018;0.0
1;22600;INTARIAN_PEPPER_ROOT;13003;11;;;;;13020;13;13023;22;;;13012;0.0
1;22700;INTARIAN_PEPPER_ROOT;13020;12;;;;;13028;15;13032;22;;;13020;0.0
1;22800;INTARIAN_PEPPER_ROOT;13017;10;13007;23;;;13025;13;13029;21;13031;30;13017;0.0
1;22900;INTARIAN_PEPPER_ROOT;13011;13;;;;;13019;11;;;;;13019;0.0
1;23000;INTARIAN_PEPPER_ROOT;13004;11;;;;;13023;15;13024;26;;;13013;0.0
1;23100;INTARIAN_PEPPER_ROOT;13004;15;13010;26;;;13018;2;13024;24;;;13013;0.0
1;23200;INTARIAN_PEPPER_ROOT;13015;11;13012;25;;;13032;11;13027;24;;;13024;0.0
1;23300;INTARIAN_PEPPER_ROOT;13016;14;;;;;13033;13;;;;;13024;0.0
1;23400;INTARIAN_PEPPER_ROOT;13015;10;;;;;13031;15;13034;22;;;13023;0.0
1;23500;INTARIAN_PEPPER_ROOT;13010;12;13003;25;12999;28;13021;14;13024;28;;;13013;0.0
1;23600;INTARIAN_PEPPER_ROOT;13015;15;;;;;13030;12;13035;25;;;13024;0.0
1;23700;INTARIAN_PEPPER_ROOT;13013;12;13011;21;;;13029;13;;;;;13021;0.0
1;23800;INTARIAN_PEPPER_ROOT;13013;11;13010;27;13008;24;13030;11;;;;;13022;0.0
1;23900;INTARIAN_PEPPER_ROOT;13012;25;13009;25;;;13029;13;;;;;13021;0.0
1;24000;INTARIAN_PEPPER_ROOT;13017;13;13014;23;;;13033;11;13036;26;;;13025;0.0
1;24100;INTARIAN_PEPPER_ROOT;;;;;;;13028;15;;;;;13020;0.0
1;24200;INTARIAN_PEPPER_ROOT;13005;11;13009;28;;;13022;11;13026;28;;;13014;0.0
1;24300;INTARIAN_PEPPER_ROOT;;;;;;;13033;14;;;;;13025;0.0
1;24400;INTARIAN_PEPPER_ROOT;13016;10;13022;30;;;13033;11;13035;21;;;13024;0.0
1;24500;INTARIAN_PEPPER_ROOT;13009;11;;;;;13026;28;;;;;13017;0.0
1;24600;INTARIAN_PEPPER_ROOT;;;;;;;13021;12;13025;30;;;13013;0.0
1;24700;INTARIAN_PEPPER_ROOT;13014;14;;;;;13030;12;;;;;13022;0.0
1;24800;INTARIAN_PEPPER_ROOT;13019;30;13018;24;;;13036;14;13039;27;;;13028;0.0
1;24900;INTARIAN_PEPPER_ROOT;13014;12;;;;;13029;26;13032;30;;;13022;0.0
1;25000;INTARIAN_PEPPER_ROOT;13005;26;13004;24;;;13022;30;13025;11;;;13014;0.0
1;25100;INTARIAN_PEPPER_ROOT;13018;15;13014;29;;;13034;13;13037;20;;;13026;0.0
1;25200;INTARIAN_PEPPER_ROOT;13006;25;13006;24;;;13026;27;;;;;13017;0.0
1;25300;INTARIAN_PEPPER_ROOT;13012;15;13009;28;;;13020;27;;;;;13020;0.0
1;25400;INTARIAN_PEPPER_ROOT;13018;13;13016;24;;;13034;10;13037;26;;;13026;0.0
1;25500;INTARIAN_PEPPER_ROOT;13013;24;13012;21;;;13031;12;13033;25;;;13023;0.0
1;25600;INTARIAN_PEPPER_ROOT;13014;10;13013;22;;;13032;15;13034;28;;;13024;0.0
1;25700;INTARIAN_PEPPER_ROOT;13014;14;13016;27;;;13031;20;13025;23;;;13022;0.0
1;25800;INTARIAN_PEPPER_ROOT;13016;13;;;;;;;;;;;13024;0.0
1;25900;INTARIAN_PEPPER_ROOT;;;;;;;13035;12;;;;;13026;0.0
1;26000;INTARIAN_PEPPER_ROOT;13015;15;13013;26;;;13032;25;;;;;13023;0.0
1;26100;INTARIAN_PEPPER_ROOT;13018;21;13015;20;;;13035;11;13038;23;;;13027;0.0
1;26200;INTARIAN_PEPPER_ROOT;13020;10;13017;28;13012;23;13036;10;13038;30;;;13028;0.0
1;26300;INTARIAN_PEPPER_ROOT;13020;15;13017;24;;;13036;15;13038;21;;;13028;0.0
1;26400;INTARIAN_PEPPER_ROOT;13007;11;;;;;13023;15;;;;;13015;0.0
1;26500;INTARIAN_PEPPER_ROOT;13015;15;13012;22;;;13031;14;13035;22;;;13023;0.0
1;26600;INTARIAN_PEPPER_ROOT;13014;15;13010;24;;;13030;11;;;;;13022;0.0
1;26700;INTARIAN_PEPPER_ROOT;13029;10;13035;30;;;13045;14;13047;26;;;13037;0.0
1;26800;INTARIAN_PEPPER_ROOT;13014;12;13017;29;;;13028;2;13032;20;;;13022;0.0
1;26900;INTARIAN_PEPPER_ROOT;13015;13;13012;27;;;13031;11;;;;;13023;0.0
1;27000;INTARIAN_PEPPER_ROOT;13014;14;13017;22;;;13027;10;13034;12;;;13022;0.0
1;27100;INTARIAN_PEPPER_ROOT;13016;13;13014;27;;;13033;10;;;;;13024;0.0
1;27200;INTARIAN_PEPPER_ROOT;13015;2;13010;20;;;13028;15;;;;;13020;0.0
1;27300;INTARIAN_PEPPER_ROOT;13017;23;13015;23;;;13036;23;13038;24;;;13027;0.0
1;27400;INTARIAN_PEPPER_ROOT;13015;14;13012;22;;;13031;12;;;;;13023;0.0
1;27500;INTARIAN_PEPPER_ROOT;13020;12;13018;21;13013;29;13036;15;;;;;13028;0.0
1;27600;INTARIAN_PEPPER_ROOT;13011;11;;;;;13028;14;13031;22;;;13019;0.0
1;27700;INTARIAN_PEPPER_ROOT;13015;11;13011;30;;;13031;10;13025;21;;;13023;0.0
1;27800;INTARIAN_PEPPER_ROOT;13018;11;13016;24;;;13036;25;;;;;13026;0.0
1;27900;INTARIAN_PEPPER_ROOT;13019;11;;;;;13036;12;;;;;13027;0.0
1;28000;INTARIAN_PEPPER_ROOT;13006;28;13006;25;;;13026;15;13026;25;;;13016;0.0
1;28100;INTARIAN_PEPPER_ROOT;13009;15;13005;20;;;13025;12;13028;26;;;13017;0.0
1;28200;INTARIAN_PEPPER_ROOT;13024;14;13022;28;;;13040;13;;;;;13032;0.0
1;28300;INTARIAN_PEPPER_ROOT;13020;11;13018;23;;;13034;11;;;;;13029;0.0
1;28400;INTARIAN_PEPPER_ROOT;13015;26;;;;;13032;14;13034;28;;;13024;0.0
1;28500;INTARIAN_PEPPER_ROOT;13013;15;13010;20;;;13029;10;13032;28;;;13021;0.0
1;28600;INTARIAN_PEPPER_ROOT;13013;23;13014;23;;;13032;12;;;;;13024;0.0
1;28700;INTARIAN_PEPPER_ROOT;13017;14;;;;;13034;13;13037;10;;;13025;0.0
1;28800;INTARIAN_PEPPER_ROOT;13015;22;;;;;13032;12;;;;;13024;0.0
1;28900;INTARIAN_PEPPER_ROOT;13014;13;;;;;13030;14;;;;;13022;0.0
1;29000;INTARIAN_PEPPER_ROOT;13016;25;13014;28;;;13033;10;13036;21;;;13025;0.0
1;29100;INTARIAN_PEPPER_ROOT;13008;29;13006;20;;;13026;15;13027;25;;;13017;0.0
1;29200;INTARIAN_PEPPER_ROOT;13020;11;13018;25;;;13036;14;13040;27;;;13028;0.0
1;29300;INTARIAN_PEPPER_ROOT;13021;15;13018;27;;;13037;10;13040;28;;;13029;0.0
1;29400;INTARIAN_PEPPER_ROOT;13021;9;13013;27;;;13032;11;;;;;13024;0.0
1;29500;INTARIAN_PEPPER_ROOT;13018;22;13017;30;;;13036;15;;;;;13028;0.0
1;29600;INTARIAN_PEPPER_ROOT;13016;30;13015;26;;;13035;22;13036;26;;;13026;0.0
1;29700;INTARIAN_PEPPER_ROOT;13012;10;13010;24;;;13028;13;13031;30;;;13020;0.0
1;29800;INTARIAN_PEPPER_ROOT;13025;12;13022;24;;;;;;;;;13033;0.0
1;29900;INTARIAN_PEPPER_ROOT;13016;10;;;;;13029;14;13037;25;;;13026;0.0
1;30000;INTARIAN_PEPPER_ROOT;13022;10;13020;24;;;13039;10;13040;25;;;13030;0.0
1;30100;INTARIAN_PEPPER_ROOT;13020;12;13018;20;;;13036;11;13036;28;;;13028;0.0
1;30200;INTARIAN_PEPPER_ROOT;13011;24;13010;24;13007;23;13028;11;;;;;13020;0.0
1;30300;INTARIAN_PEPPER_ROOT;13022;12;13020;29;;;13039;29;13041;26;;;13030;0.0
1;30400;INTARIAN_PEPPER_ROOT;13018;11;13017;30;;;13037;25;13038;25;;;13026;0.0
1;30500;INTARIAN_PEPPER_ROOT;13021;11;13017;26;;;13035;13;13039;25;;;13029;0.0
1;30600;INTARIAN_PEPPER_ROOT;;;;;;;13031;14;;;;;13028;0.0
1;30700;INTARIAN_PEPPER_ROOT;;;;;;;13033;28;13039;26;;;13027;0.0
1;30800;INTARIAN_PEPPER_ROOT;13020;12;13020;26;;;13038;15;13041;29;;;13030;0.0
1;30900;INTARIAN_PEPPER_ROOT;13018;12;13015;26;;;13034;12;13038;23;;;13026;0.0
1;31000;INTARIAN_PEPPER_ROOT;13019;13;;;;;13035;15;13037;24;;;13027;0.0
1;31100;INTARIAN_PEPPER_ROOT;13011;15;13009;30;;;13027;13;13031;26;;;13019;0.0
1;31200;INTARIAN_PEPPER_ROOT;13013;13;;;;;13029;15;13033;20;;;13021;0.0
1;31300;INTARIAN_PEPPER_ROOT;13021;14;13017;28;;;13038;24;13039;22;;;13029;0.0
1;31400;INTARIAN_PEPPER_ROOT;13024;12;;;;;13032;15;13041;27;;;13032;0.0
1;31500;INTARIAN_PEPPER_ROOT;13019;14;;;;;13035;11;13037;22;;;13027;0.0
1;31600;INTARIAN_PEPPER_ROOT;13023;11;13021;27;;;13039;11;13041;21;;;13031;0.0
1;31700;INTARIAN_PEPPER_ROOT;13020;10;13019;12;;;13037;14;;;;;13030;0.0
1;31800;INTARIAN_PEPPER_ROOT;13025;13;13021;24;;;13041;14;13044;26;;;13033;0.0
1;31900;INTARIAN_PEPPER_ROOT;13014;12;13011;30;;;13022;10;13034;23;;;13022;0.0
1;32000;INTARIAN_PEPPER_ROOT;13017;11;;;;;13033;13;13033;28;;;13025;0.0
1;32100;INTARIAN_PEPPER_ROOT;13017;12;13018;30;;;13030;4;13037;26;;;13025;0.0
1;32200;INTARIAN_PEPPER_ROOT;13014;14;13012;22;;;;;;;;;13022;0.0
1;32300;INTARIAN_PEPPER_ROOT;;;;;;;13041;13;13043;30;;;13032;0.0
1;32400;INTARIAN_PEPPER_ROOT;13022;10;13020;26;;;13038;11;13040;29;;;13030;0.0
1;32500;INTARIAN_PEPPER_ROOT;13023;10;;;;;13040;21;13042;27;;;13031;0.0
1;32600;INTARIAN_PEPPER_ROOT;13012;11;;;;;13021;12;13024;29;;;13021;0.0
1;32700;INTARIAN_PEPPER_ROOT;13014;15;13011;30;;;13030;12;13033;23;;;13022;0.0
1;32800;INTARIAN_PEPPER_ROOT;13022;15;13021;21;;;13040;13;13040;28;;;13031;0.0
1;32900;INTARIAN_PEPPER_ROOT;13024;15;13022;20;;;13041;10;;;;;13033;0.0
1;33000;INTARIAN_PEPPER_ROOT;13015;14;;;;;13032;13;;;;;13023;0.0
1;33100;INTARIAN_PEPPER_ROOT;13032;3;13035;24;;;13042;4;13047;30;;;13037;0.0
1;33200;INTARIAN_PEPPER_ROOT;13022;13;13019;26;;;13038;11;;;;;13030;0.0
1;33300;INTARIAN_PEPPER_ROOT;13015;14;;;;;13031;15;13035;29;;;13023;0.0
1;33400;INTARIAN_PEPPER_ROOT;13033;12;13023;30;;;13043;10;13044;23;;;13033;0.0
1;33500;INTARIAN_PEPPER_ROOT;13015;15;13012;23;;;13031;13;13025;28;;;13023;0.0
1;33600;INTARIAN_PEPPER_ROOT;13025;15;13018;25;;;13037;10;13035;14;;;13029;0.0
1;33700;INTARIAN_PEPPER_ROOT;13023;10;13023;27;;;13041;10;;;;;13033;0.0
1;33800;INTARIAN_PEPPER_ROOT;13018;11;13015;21;;;13036;14;13037;20;;;13026;0.0
1;33900;INTARIAN_PEPPER_ROOT;13023;10;13023;26;;;13037;4;13042;29;;;13031;0.0
1;34000;INTARIAN_PEPPER_ROOT;13020;20;13024;28;;;13034;2;;;;;13029;0.0
1;34100;INTARIAN_PEPPER_ROOT;;;;;;;13043;11;13054;28;;;13042;0.0
1;34200;INTARIAN_PEPPER_ROOT;13026;12;13023;28;;;13043;12;13043;25;;;13034;0.0
1;34300;INTARIAN_PEPPER_ROOT;13023;15;13020;21;;;13039;15;13041;21;;;13031;0.0
1;34400;INTARIAN_PEPPER_ROOT;13013;28;13012;24;;;13033;15;;;;;13023;0.0
1;34500;INTARIAN_PEPPER_ROOT;;;;;;;13045;11;13047;21;;;13037;0.0
1;34600;INTARIAN_PEPPER_ROOT;13026;15;13024;24;;;13045;13;13046;21;;;13035;0.0
1;34700;INTARIAN_PEPPER_ROOT;13023;24;;;;;13028;12;13033;24;;;13023;0.0
1;34800;INTARIAN_PEPPER_ROOT;13015;10;;;;;13032;26;;;;;13023;0.0
1;34900;INTARIAN_PEPPER_ROOT;13022;12;13019;20;;;13039;15;;;;;13030;0.0
1;35000;INTARIAN_PEPPER_ROOT;13023;10;;;;;13039;10;;;;;13031;0.0
1;35100;INTARIAN_PEPPER_ROOT;13017;11;13015;26;;;13033;13;13031;22;;;13025;0.0
1;35200;INTARIAN_PEPPER_ROOT;13022;23;13020;28;;;13040;10;13043;24;;;13032;0.0
1;35300;INTARIAN_PEPPER_ROOT;13018;10;;;;;13034;10;;;;;13026;0.0
1;35400;INTARIAN_PEPPER_ROOT;13027;10;13026;24;;;13044;13;;;;;13036;0.0
1;35500;INTARIAN_PEPPER_ROOT;13028;13;13025;30;13023;21;13041;2;13047;22;;;13036;0.0
1;35600;INTARIAN_PEPPER_ROOT;13023;10;;;;;13039;15;13041;21;;;13031;0.0
1;35700;INTARIAN_PEPPER_ROOT;13025;13;13023;29;;;13041;10;;;;;13033;0.0
1;35800;INTARIAN_PEPPER_ROOT;13024;11;13030;25;;;13040;12;13043;29;;;13032;0.0
1;35900;INTARIAN_PEPPER_ROOT;13029;15;13026;25;;;13045;12;;;;;13037;0.0
1;36000;INTARIAN_PEPPER_ROOT;13022;29;13021;24;;;13040;14;;;;;13032;0.0
1;36100;INTARIAN_PEPPER_ROOT;13026;22;13020;29;;;13040;15;13043;25;;;13032;0.0
1;36200;INTARIAN_PEPPER_ROOT;13027;10;13024;23;;;13044;11;13046;21;;;13035;0.0
1;36300;INTARIAN_PEPPER_ROOT;13024;15;13022;27;;;13040;14;13042;23;;;13032;0.0
1;36400;INTARIAN_PEPPER_ROOT;13025;26;13023;11;13019;22;13039;2;;;;;13034;0.0
1;36500;INTARIAN_PEPPER_ROOT;13020;11;13017;25;;;13037;14;13039;26;;;13029;0.0
1;36600;INTARIAN_PEPPER_ROOT;13029;14;13027;25;;;13045;13;13048;23;13051;29;13037;0.0
1;36700;INTARIAN_PEPPER_ROOT;13024;10;13023;26;;;13041;12;;;;;13033;0.0
1;36800;INTARIAN_PEPPER_ROOT;13026;15;;;;;13043;29;13044;25;;;13034;0.0
1;36900;INTARIAN_PEPPER_ROOT;13024;10;13022;23;;;13040;15;13042;25;;;13032;0.0
1;37000;INTARIAN_PEPPER_ROOT;13025;11;13022;28;;;13041;10;13041;20;;;13033;0.0
1;37100;INTARIAN_PEPPER_ROOT;13026;14;13023;27;;;13044;22;;;;;13034;0.0
1;37200;INTARIAN_PEPPER_ROOT;13025;15;;;;;13043;29;13043;27;;;13033;0.0
1;37300;INTARIAN_PEPPER_ROOT;13029;13;13026;30;;;13047;13;13047;23;;;13037;0.0
1;37400;INTARIAN_PEPPER_ROOT;;;;;;;13046;12;13047;20;;;13038;0.0
1;37500;INTARIAN_PEPPER_ROOT;13018;12;13014;25;;;;;;;;;13026;0.0
1;37600;INTARIAN_PEPPER_ROOT;13026;29;;;;;13043;15;13045;20;;;13035;0.0
1;37700;INTARIAN_PEPPER_ROOT;13018;12;13016;20;;;13034;11;;;;;13026;0.0
1;37800;INTARIAN_PEPPER_ROOT;13032;4;13035;30;;;13046;14;13049;23;;;13038;0.0
1;37900;INTARIAN_PEPPER_ROOT;13017;30;13017;23;;;13027;7;13037;28;;;13027;0.0
1;38000;INTARIAN_PEPPER_ROOT;13030;12;13028;25;;;13046;12;;;;;13038;0.0
1;38100;INTARIAN_PEPPER_ROOT;13023;15;13022;21;;;13041;15;13044;28;;;13033;0.0
1;38200;INTARIAN_PEPPER_ROOT;13026;10;;;;;13039;3;13045;27;;;13034;0.0
1;38300;INTARIAN_PEPPER_ROOT;13030;26;;;;;13047;13;13049;30;;;13039;0.0
1;38400;INTARIAN_PEPPER_ROOT;13031;15;13028;14;;;13049;23;13049;30;;;13039;0.0
1;38500;INTARIAN_PEPPER_ROOT;13017;27;;;;;13035;12;13038;23;;;13027;0.0
1;38600;INTARIAN_PEPPER_ROOT;13019;12;;;;;13037;13;13042;28;;;13027;0.0
1;38700;INTARIAN_PEPPER_ROOT;13021;11;13018;14;;;13037;14;13041;27;;;13029;0.0
1;38800;INTARIAN_PEPPER_ROOT;13027;12;13026;25;;;13046;26;13047;28;;;13036;0.0
1;38900;INTARIAN_PEPPER_ROOT;13027;15;13024;20;;;13045;21;;;;;13035;0.0
1;39000;INTARIAN_PEPPER_ROOT;13029;21;13028;24;;;13044;11;13046;30;;;13038;0.0
1;39100;INTARIAN_PEPPER_ROOT;13026;15;13024;22;;;13043;30;13042;21;;;13034;0.0
1;39200;INTARIAN_PEPPER_ROOT;13032;11;13028;28;;;13048;10;13051;21;;;13040;0.0
1;39300;INTARIAN_PEPPER_ROOT;13033;12;13030;27;;;;;;;;;13041;0.0
1;39400;INTARIAN_PEPPER_ROOT;13035;14;13028;24;;;13048;15;13051;20;;;13040;0.0
1;39500;INTARIAN_PEPPER_ROOT;13030;10;13027;30;;;13047;12;;;;;13038;0.0
1;39600;INTARIAN_PEPPER_ROOT;13028;15;13029;24;;;13044;13;13048;27;;;13036;0.0
1;39700;INTARIAN_PEPPER_ROOT;13020;10;;;;;13036;14;13039;24;;;13028;0.0
1;39800;INTARIAN_PEPPER_ROOT;13025;10;13018;27;;;;;;;;;13028;0.0
1;39900;INTARIAN_PEPPER_ROOT;13026;22;13026;25;;;13040;12;;;;;13036;0.0
1;40000;INTARIAN_PEPPER_ROOT;13031;10;;;;;13047;14;13050;29;;;13039;0.0
1;40100;INTARIAN_PEPPER_ROOT;13041;29;13039;21;;;13058;13;13061;30;;;13050;0.0
1;40200;INTARIAN_PEPPER_ROOT;13029;13;;;;;13045;10;;;;;13037;0.0
1;40300;INTARIAN_PEPPER_ROOT;13037;4;13030;28;;;13050;24;;;;;13040;0.0
1;40400;INTARIAN_PEPPER_ROOT;13031;12;;;;;13049;25;13051;27;;;13040;0.0
1;40500;INTARIAN_PEPPER_ROOT;13044;14;;;;;13057;13;13059;29;13063;30;13049;0.0
1;40600;INTARIAN_PEPPER_ROOT;13027;14;;;;;13043;12;;;;;13035;0.0
1;40700;INTARIAN_PEPPER_ROOT;13032;14;13030;21;13024;20;13049;13;;;;;13040;0.0
1;40800;INTARIAN_PEPPER_ROOT;13024;3;13021;21;;;13040;26;13041;27;;;13031;0.0
1;40900;INTARIAN_PEPPER_ROOT;13023;10;;;;;13041;23;13042;30;;;13031;0.0
1;41000;INTARIAN_PEPPER_ROOT;13033;11;13029;29;;;13049;14;13051;22;;;13041;0.0
1;41100;INTARIAN_PEPPER_ROOT;13022;13;13019;30;;;13040;14;13040;26;;;13030;0.0
1;41200;INTARIAN_PEPPER_ROOT;13036;14;;;;;13044;14;13042;24;;;13036;0.0
1;41300;INTARIAN_PEPPER_ROOT;13029;11;13027;24;;;13045;13;13047;29;;;13037;0.0
1;41400;INTARIAN_PEPPER_ROOT;13023;12;13021;28;;;13039;12;13040;20;;;13031;0.0
1;41500;INTARIAN_PEPPER_ROOT;13023;12;13022;20;;;13036;14;13043;23;;;13032;0.0
1;41600;INTARIAN_PEPPER_ROOT;13029;15;13026;25;;;13045;13;13047;28;;;13037;0.0
1;41700;INTARIAN_PEPPER_ROOT;13031;24;13029;21;;;13048;12;13043;22;;;13040;0.0
1;41800;INTARIAN_PEPPER_ROOT;13032;11;;;;;13048;12;;;;;13040;0.0
1;41900;INTARIAN_PEPPER_ROOT;13033;21;13030;27;;;13050;15;13054;20;;;13042;0.0
1;42000;INTARIAN_PEPPER_ROOT;13033;13;13029;27;;;13049;15;13051;23;;;13041;0.0
1;42100;INTARIAN_PEPPER_ROOT;13036;15;13033;29;;;13052;12;;;;;13044;0.0
1;42200;INTARIAN_PEPPER_ROOT;13024;11;13021;23;;;13041;12;13043;22;;;13032;0.0
1;42300;INTARIAN_PEPPER_ROOT;13035;23;13033;28;;;13044;13;13054;30;;;13044;0.0
1;42400;INTARIAN_PEPPER_ROOT;13034;12;;;;;13048;11;;;;;13039;0.0
1;42500;INTARIAN_PEPPER_ROOT;13033;10;;;;;13051;10;13053;24;;;13043;0.0
1;42600;INTARIAN_PEPPER_ROOT;13038;12;13025;29;;;13041;10;;;;;13038;0.0
1;42700;INTARIAN_PEPPER_ROOT;13031;10;;;;;13047;11;13049;30;;;13039;0.0
1;42800;INTARIAN_PEPPER_ROOT;13032;14;;;;;13049;15;13050;22;;;13040;0.0
1;42900;INTARIAN_PEPPER_ROOT;;;;;;;13050;21;13053;30;;;13041;0.0
1;43000;INTARIAN_PEPPER_ROOT;;;;;;;13048;13;13049;20;;;13039;0.0
1;43100;INTARIAN_PEPPER_ROOT;13026;14;;;;;13039;12;13043;26;;;13031;0.0
1;43200;INTARIAN_PEPPER_ROOT;;;;;;;;;;;;;13039;0.0
1;43300;INTARIAN_PEPPER_ROOT;13032;10;13030;28;;;13050;20;13050;26;;;13040;0.0
1;43400;INTARIAN_PEPPER_ROOT;13041;27;13037;25;;;13055;14;13058;25;;;13047;0.0
1;43500;INTARIAN_PEPPER_ROOT;13037;10;13036;29;;;13055;23;13057;22;;;13045;0.0
1;43600;INTARIAN_PEPPER_ROOT;13033;12;13033;28;;;13051;14;13054;15;;;13042;0.0
1;43700;INTARIAN_PEPPER_ROOT;13036;13;;;;;13044;14;13055;20;;;13044;0.0
1;43800;INTARIAN_PEPPER_ROOT;13032;14;13031;26;;;13050;26;;;;;13041;0.0
1;43900;INTARIAN_PEPPER_ROOT;13034;13;13031;23;;;13050;14;13052;20;;;13042;0.0
1;44000;INTARIAN_PEPPER_ROOT;13031;12;;;;;13042;6;13050;29;;;13039;0.0
1;44100;INTARIAN_PEPPER_ROOT;13033;14;13030;24;;;13049;11;13052;29;;;13041;0.0
1;44200;INTARIAN_PEPPER_ROOT;13037;14;;;;;13053;10;;;;;13045;0.0
1;44300;INTARIAN_PEPPER_ROOT;13031;10;;;;;13047;13;;;;;13039;0.0
1;44400;INTARIAN_PEPPER_ROOT;13036;14;13034;11;;;13052;11;;;;;13044;0.0
1;44500;INTARIAN_PEPPER_ROOT;13037;14;13043;20;;;13053;12;13056;24;;;13045;0.0
1;44600;INTARIAN_PEPPER_ROOT;13041;11;13039;27;;;13057;15;;;;;13049;0.0
1;44700;INTARIAN_PEPPER_ROOT;13027;15;13025;27;;;13043;14;;;;;13035;0.0
1;44800;INTARIAN_PEPPER_ROOT;13034;15;;;;;13050;14;13052;23;;;13042;0.0
1;44900;INTARIAN_PEPPER_ROOT;13033;13;;;;;13041;24;13053;21;;;13041;0.0
1;45000;INTARIAN_PEPPER_ROOT;13027;15;;;;;13043;14;13046;20;;;13035;0.0
1;45100;INTARIAN_PEPPER_ROOT;13027;13;13025;26;;;13045;27;;;;;13035;0.0
1;45200;INTARIAN_PEPPER_ROOT;13038;11;13035;27;;;13046;29;13057;28;;;13046;0.0
1;45300;INTARIAN_PEPPER_ROOT;13037;14;;;;;;;;;;;13045;0.0
1;45400;INTARIAN_PEPPER_ROOT;13037;10;13035;22;;;13053;13;13055;28;;;13045;0.0
1;45500;INTARIAN_PEPPER_ROOT;13026;15;13023;28;;;13034;20;;;;;13034;0.0
1;45600;INTARIAN_PEPPER_ROOT;13037;10;;;;;13054;23;;;;;13045;0.0
1;45700;INTARIAN_PEPPER_ROOT;;;;;;;13053;13;13056;28;;;13045;0.0
1;45800;INTARIAN_PEPPER_ROOT;13030;4;;;;;13044;14;13050;28;;;13036;0.0
1;45900;INTARIAN_PEPPER_ROOT;13028;11;;;;;13044;11;13048;21;;;13036;0.0
1;46000;INTARIAN_PEPPER_ROOT;13034;14;;;;;13050;12;13052;25;;;13042;0.0
1;46100;INTARIAN_PEPPER_ROOT;13034;15;13032;20;13035;23;13053;30;13054;23;;;13043;0.0
1;46200;INTARIAN_PEPPER_ROOT;13037;25;13035;28;;;13055;11;;;;;13047;0.0
1;46300;INTARIAN_PEPPER_ROOT;13037;15;13034;24;;;13055;22;13055;29;;;13045;0.0
1;46400;INTARIAN_PEPPER_ROOT;13034;13;13031;27;;;13051;26;13052;25;;;13043;0.0
1;46500;INTARIAN_PEPPER_ROOT;13035;12;13032;21;;;13051;10;;;;;13043;0.0
1;46600;INTARIAN_PEPPER_ROOT;13039;13;13035;28;;;13055;15;13057;20;;;13047;0.0
1;46700;INTARIAN_PEPPER_ROOT;13034;12;13034;24;13031;29;13052;12;;;;;13044;0.0
1;46800;INTARIAN_PEPPER_ROOT;13029;14;;;;;13045;10;13047;25;;;13037;0.0
1;46900;INTARIAN_PEPPER_ROOT;13027;30;13026;22;;;13045;14;13048;20;;;13037;0.0
1;47000;INTARIAN_PEPPER_ROOT;13036;11;13033;26;;;13052;15;13054;30;;;13044;0.0
1;47100;INTARIAN_PEPPER_ROOT;13037;15;13037;30;;;13053;15;13057;26;;;13045;0.0
1;47200;INTARIAN_PEPPER_ROOT;13035;12;13033;30;;;13051;13;13053;21;13056;15;13043;0.0
1;47300;INTARIAN_PEPPER_ROOT;13038;12;;;;;13056;30;13056;30;;;13046;0.0
1;47400;INTARIAN_PEPPER_ROOT;13027;23;13026;26;;;13044;13;13048;30;;;13036;0.0
1;47500;INTARIAN_PEPPER_ROOT;13030;12;;;;;;;;;;;13038;0.0
1;47600;INTARIAN_PEPPER_ROOT;13040;10;;;;;13056;12;13059;23;;;13048;0.0
1;47700;INTARIAN_PEPPER_ROOT;13038;10;;;;;13046;13;13056;25;;;13046;0.0
1;47800;INTARIAN_PEPPER_ROOT;13038;13;13035;26;;;13051;11;13056;29;;;13046;0.0
1;47900;INTARIAN_PEPPER_ROOT;13034;26;13031;30;;;13052;22;;;;;13043;0.0
1;48000;INTARIAN_PEPPER_ROOT;13030;11;13028;25;;;13038;13;13048;20;;;13038;0.0
1;48100;INTARIAN_PEPPER_ROOT;13038;13;13033;25;;;13051;15;;;;;13043;0.0
1;48200;INTARIAN_PEPPER_ROOT;13036;25;13035;20;;;13053;11;13055;25;;;13045;0.0
1;48300;INTARIAN_PEPPER_ROOT;13040;14;;;;;13057;26;;;;;13048;0.0
1;48400;INTARIAN_PEPPER_ROOT;13037;13;13034;30;;;13055;10;13057;24;;;13045;0.0
1;48500;INTARIAN_PEPPER_ROOT;13041;15;13038;27;;;13058;14;13061;25;;;13049;0.0
1;48600;INTARIAN_PEPPER_ROOT;13030;15;13027;24;;;13046;15;13049;21;;;13038;0.0
1;48700;INTARIAN_PEPPER_ROOT;13032;12;13030;22;;;13041;12;;;;;13040;0.0
1;48800;INTARIAN_PEPPER_ROOT;13039;11;13040;20;;;13055;15;13059;21;;;13047;0.0
1;48900;INTARIAN_PEPPER_ROOT;13044;10;;;;;13052;11;;;;;13052;0.0
1;49000;INTARIAN_PEPPER_ROOT;13032;14;;;;;13045;12;13043;27;;;13037;0.0
1;49100;INTARIAN_PEPPER_ROOT;13036;13;13029;23;;;13047;14;13050;30;;;13039;0.0
1;49200;INTARIAN_PEPPER_ROOT;13041;13;;;;;13059;13;13061;26;;;13049;0.0
1;49300;INTARIAN_PEPPER_ROOT;13041;10;13039;21;;;13059;20;;;;;13049;0.0
1;49400;INTARIAN_PEPPER_ROOT;13039;12;;;;;13047;15;13051;23;;;13039;0.0
1;49500;INTARIAN_PEPPER_ROOT;13031;11;13029;14;13026;21;13044;5;13049;28;;;13039;0.0
1;49600;INTARIAN_PEPPER_ROOT;13040;15;;;;;13057;14;13059;26;;;13049;0.0
1;49700;INTARIAN_PEPPER_ROOT;13031;10;13029;20;;;13048;12;;;;;13040;0.0
1;49800;INTARIAN_PEPPER_ROOT;13036;21;13035;26;;;13053;12;;;;;13045;0.0
1;49900;INTARIAN_PEPPER_ROOT;13049;25;13046;26;;;13066;14;13069;22;;;13058;0.0
1;50000;INTARIAN_PEPPER_ROOT;13040;15;;;;;13056;25;13059;27;;;13048;0.0
1;50100;INTARIAN_PEPPER_ROOT;13037;11;;;;;13053;15;;;;;13045;0.0
1;50200;INTARIAN_PEPPER_ROOT;13039;20;13036;27;;;13056;14;13058;23;;;13048;0.0
1;50300;INTARIAN_PEPPER_ROOT;13041;11;13039;29;;;13058;23;13060;26;;;13049;0.0
1;50400;INTARIAN_PEPPER_ROOT;13041;11;;;;;13056;27;13059;27;;;13049;0.0
1;50500;INTARIAN_PEPPER_ROOT;13035;15;;;;;13046;8;13053;29;;;13044;0.0
1;50600;INTARIAN_PEPPER_ROOT;13053;14;;;;;13069;12;13072;21;;;13061;0.0
1;50700;INTARIAN_PEPPER_ROOT;13039;11;;;;;13055;11;13058;25;;;13047;0.0
1;50800;INTARIAN_PEPPER_ROOT;13040;11;13034;21;;;13057;15;;;;;13048;0.0
1;50900;INTARIAN_PEPPER_ROOT;13041;10;13039;30;;;13058;30;13060;22;;;13049;0.0
1;51000;INTARIAN_PEPPER_ROOT;13035;15;;;;;13052;11;13054;23;;;13043;0.0
1;51100;INTARIAN_PEPPER_ROOT;13041;24;;;;;13059;10;13056;25;;;13051;0.0
1;51200;INTARIAN_PEPPER_ROOT;13047;15;13040;28;;;13060;12;13063;25;;;13052;0.0
1;51300;INTARIAN_PEPPER_ROOT;13046;15;13035;27;;;13056;29;13056;27;;;13046;0.0
1;51400;INTARIAN_PEPPER_ROOT;13041;11;;;;;13058;11;;;;;13049;0.0
1;51500;INTARIAN_PEPPER_ROOT;13040;12;13037;22;;;13057;10;13059;27;;;13048;0.0
1;51600;INTARIAN_PEPPER_ROOT;13032;13;;;;;13041;10;;;;;13041;0.0
1;51700;INTARIAN_PEPPER_ROOT;13052;14;13043;26;;;13061;14;13056;26;;;13053;0.0
1;51800;INTARIAN_PEPPER_ROOT;13042;29;;;;;13062;13;;;;;13052;0.0
1;51900;INTARIAN_PEPPER_ROOT;13041;6;13030;24;;;13050;11;;;;;13042;0.0
1;52000;INTARIAN_PEPPER_ROOT;13048;5;;;;;13062;22;13060;25;;;13053;0.0
1;52100;INTARIAN_PEPPER_ROOT;13042;5;;;;;13055;12;13057;25;;;13047;0.0
1;52200;INTARIAN_PEPPER_ROOT;13042;10;13039;22;;;13058;14;13060;26;;;13050;0.0
1;52300;INTARIAN_PEPPER_ROOT;13043;24;;;;;13060;12;13063;24;;;13052;0.0
1;52400;INTARIAN_PEPPER_ROOT;13042;14;;;;;13059;12;13063;30;;;13051;0.0
1;52500;INTARIAN_PEPPER_ROOT;13044;13;;;;;13060;14;13062;29;;;13052;0.0
1;52600;INTARIAN_PEPPER_ROOT;13051;13;;;;;13069;11;13072;21;;;13061;0.0
1;52700;INTARIAN_PEPPER_ROOT;13040;12;;;;;13056;26;13059;30;;;13048;0.0
1;52800;INTARIAN_PEPPER_ROOT;13043;27;13041;26;;;13060;11;;;;;13052;0.0
1;52900;INTARIAN_PEPPER_ROOT;13043;14;13040;23;;;13060;12;13061;28;;;13051;0.0
1;53000;INTARIAN_PEPPER_ROOT;13044;14;;;;;13061;29;13063;23;;;13052;0.0
1;53100;INTARIAN_PEPPER_ROOT;13041;15;13040;28;13036;30;13058;12;;;;;13050;0.0
1;53200;INTARIAN_PEPPER_ROOT;13045;11;13041;23;;;13061;11;13064;23;;;13053;0.0
1;53300;INTARIAN_PEPPER_ROOT;13041;11;13037;26;;;13057;12;13060;22;;;13049;0.0
1;53400;INTARIAN_PEPPER_ROOT;;;;;;;13060;13;13062;23;;;13052;0.0
1;53500;INTARIAN_PEPPER_ROOT;13045;13;13043;24;;;13063;13;;;;;13053;0.0
1;53600;INTARIAN_PEPPER_ROOT;13045;11;13042;28;;;13061;12;13064;30;;;13053;0.0
1;53700;INTARIAN_PEPPER_ROOT;13049;10;13038;25;;;13058;14;;;;;13050;0.0
1;53800;INTARIAN_PEPPER_ROOT;13046;13;;;;;13055;13;;;;;13054;0.0
1;53900;INTARIAN_PEPPER_ROOT;13043;10;13041;30;;;13059;12;13062;21;;;13051;0.0
1;54000;INTARIAN_PEPPER_ROOT;13036;14;;;;;13052;15;13055;23;;;13044;0.0
1;54100;INTARIAN_PEPPER_ROOT;13035;12;13033;27;;;13053;12;13056;25;;;13045;0.0
1;54200;INTARIAN_PEPPER_ROOT;13048;22;13042;29;;;13057;10;13064;30;;;13054;0.0
1;54300;INTARIAN_PEPPER_ROOT;13036;15;13034;28;;;13052;15;;;;;13044;0.0
1;54400;INTARIAN_PEPPER_ROOT;13037;15;;;;;;;;;;;13045;0.0
1;54500;INTARIAN_PEPPER_ROOT;13043;15;13044;26;;;;;;;;;13051;0.0
1;54600;INTARIAN_PEPPER_ROOT;13043;30;13043;26;;;13061;10;;;;;13053;0.0
1;54700;INTARIAN_PEPPER_ROOT;13037;13;;;;;13054;11;13055;21;;;13045;0.0
1;54800;INTARIAN_PEPPER_ROOT;13049;13;13047;29;13041;26;13065;15;;;;;13057;0.0
1;54900;INTARIAN_PEPPER_ROOT;13040;14;13040;26;;;13058;13;13060;30;;;13050;0.0
1;55000;INTARIAN_PEPPER_ROOT;;;;;;;13063;11;13066;24;;;13055;0.0
1;55100;INTARIAN_PEPPER_ROOT;13036;25;13035;26;13030;21;13053;14;;;;;13045;0.0
1;55200;INTARIAN_PEPPER_ROOT;13042;21;13038;26;;;13062;23;13062;28;;;13051;0.0
1;55300;INTARIAN_PEPPER_ROOT;13050;4;13045;28;;;13063;13;13065;27;;;13055;0.0
1;55400;INTARIAN_PEPPER_ROOT;13053;14;;;;;13059;12;13063;24;;;13053;0.0
1;55500;INTARIAN_PEPPER_ROOT;13038;11;;;;;13054;14;13057;21;;;13046;0.0
1;55600;INTARIAN_PEPPER_ROOT;13049;10;13047;25;;;13057;12;;;;;13057;0.0
1;55700;INTARIAN_PEPPER_ROOT;13035;11;13034;22;;;13053;13;13056;29;;;13044;0.0
1;55800;INTARIAN_PEPPER_ROOT;13044;15;13041;28;;;13060;11;13062;30;;;13052;0.0
1;55900;INTARIAN_PEPPER_ROOT;13043;15;;;;;13062;11;13063;23;;;13052;0.0
1;56000;INTARIAN_PEPPER_ROOT;13044;11;;;;;13057;5;13063;29;;;13052;0.0
1;56100;INTARIAN_PEPPER_ROOT;13047;14;;;;;13063;12;13065;29;;;13055;0.0
1;56200;INTARIAN_PEPPER_ROOT;13051;8;13043;30;;;13062;10;13065;23;13068;26;13054;0.0
1;56300;INTARIAN_PEPPER_ROOT;13038;13;;;;;13054;12;13058;22;;;13046;0.0
1;56400;INTARIAN_PEPPER_ROOT;13046;24;13046;29;;;13065;14;13067;25;;;13057;0.0
1;56500;INTARIAN_PEPPER_ROOT;13047;20;;;;;;;;;;;13056;0.0
1;56600;INTARIAN_PEPPER_ROOT;13039;12;13036;24;;;13052;3;13058;29;;;13047;0.0
1;56700;INTARIAN_PEPPER_ROOT;;;;;;;13057;10;;;;;13047;0.0
1;56800;INTARIAN_PEPPER_ROOT;13050;15;13049;20;;;13067;20;13070;26;;;13058;0.0
1;56900;INTARIAN_PEPPER_ROOT;13045;12;13042;29;;;13061;12;;;;;13053;0.0
1;57000;INTARIAN_PEPPER_ROOT;13039;28;;;;;13058;20;13060;28;;;13049;0.0
1;57100;INTARIAN_PEPPER_ROOT;;;;;;;;;;;;;13045;0.0
1;57200;INTARIAN_PEPPER_ROOT;13049;15;13047;25;;;13065;13;13067;21;;;13057;0.0
1;57300;INTARIAN_PEPPER_ROOT;13048;22;;;;;13067;25;;;;;13058;0.0
1;57400;INTARIAN_PEPPER_ROOT;13057;10;;;;;13066;13;13067;23;;;13057;0.0
1;57500;INTARIAN_PEPPER_ROOT;13039;23;13037;26;;;;;;;;;13048;0.0
1;57600;INTARIAN_PEPPER_ROOT;13052;5;13041;21;;;13060;13;13064;26;;;13052;0.0
1;57700;INTARIAN_PEPPER_ROOT;13048;20;13047;20;;;13065;12;;;;;13057;0.0
1;57800;INTARIAN_PEPPER_ROOT;13049;12;;;;;13065;14;;;;;13057;0.0
1;57900;INTARIAN_PEPPER_ROOT;13049;10;;;;;13065;10;;;;;13057;0.0
1;58000;INTARIAN_PEPPER_ROOT;13038;30;13035;26;;;13056;20;13058;29;;;13047;0.0
1;58100;INTARIAN_PEPPER_ROOT;13048;20;;;;;13067;15;13069;29;;;13059;0.0
1;58200;INTARIAN_PEPPER_ROOT;13050;25;;;;;13067;15;13069;29;;;13059;0.0
1;58300;INTARIAN_PEPPER_ROOT;13039;23;13037;29;;;13048;11;13059;15;;;13048;0.0
1;58400;INTARIAN_PEPPER_ROOT;13047;15;13045;21;;;13063;13;13057;29;;;13055;0.0
1;58500;INTARIAN_PEPPER_ROOT;13045;21;13044;25;;;13063;10;13067;28;;;13055;0.0
1;58600;INTARIAN_PEPPER_ROOT;13048;10;;;;;13064;13;13066;25;;;13056;0.0
1;58700;INTARIAN_PEPPER_ROOT;13046;11;;;;;13062;13;13065;21;;;13054;0.0
1;58800;INTARIAN_PEPPER_ROOT;;;;;;;13063;11;13067;14;;;13055;0.0
1;58900;INTARIAN_PEPPER_ROOT;13039;11;13036;30;;;;;;;;;13048;0.0
1;59000;INTARIAN_PEPPER_ROOT;13051;20;13048;29;;;13068;11;;;;;13060;0.0
1;59100;INTARIAN_PEPPER_ROOT;13045;15;;;;;13062;12;13065;23;;;13054;0.0
1;59200;INTARIAN_PEPPER_ROOT;;;;;;;13065;14;;;;;13055;0.0
1;59300;INTARIAN_PEPPER_ROOT;13039;15;13038;27;;;13058;10;13060;26;13062;23;13049;0.0
1;59400;INTARIAN_PEPPER_ROOT;13048;13;13046;30;13042;20;13066;12;13069;25;;;13058;0.0
1;59500;INTARIAN_PEPPER_ROOT;;;;;;;13067;30;13069;29;;;13058;0.0
1;59600;INTARIAN_PEPPER_ROOT;13047;14;13045;28;;;13063;14;13065;26;;;13055;0.0
1;59700;INTARIAN_PEPPER_ROOT;;;;;;;13063;12;13073;24;;;13063;0.0
1;59800;INTARIAN_PEPPER_ROOT;13047;27;13053;24;;;13066;13;13066;20;;;13056;0.0
1;59900;INTARIAN_PEPPER_ROOT;13050;21;;;;;13069;15;13071;21;;;13061;0.0
1;60000;INTARIAN_PEPPER_ROOT;13056;15;13047;26;;;13067;11;13068;23;;;13059;0.0
1;60100;INTARIAN_PEPPER_ROOT;13058;20;;;;;13066;11;;;;;13058;0.0
1;60200;INTARIAN_PEPPER_ROOT;13045;24;;;;;13064;15;13067;23;;;13056;0.0
1;60300;INTARIAN_PEPPER_ROOT;13040;15;;;;;13056;13;;;;;13048;0.0
1;60400;INTARIAN_PEPPER_ROOT;13052;15;13049;24;;;13068;11;13071;27;;;13060;0.0
1;60500;INTARIAN_PEPPER_ROOT;13048;10;13045;27;;;13064;10;13067;30;;;13056;0.0
1;60600;INTARIAN_PEPPER_ROOT;13045;13;;;;;13062;10;13063;24;;;13053;0.0
1;60700;INTARIAN_PEPPER_ROOT;13049;28;13048;27;;;13063;2;13068;22;;;13058;0.0
1;60800;INTARIAN_PEPPER_ROOT;13050;10;;;;;13060;9;;;;;13058;0.0
1;60900;INTARIAN_PEPPER_ROOT;13050;27;13048;27;;;13067;14;13062;21;;;13059;0.0
1;61000;INTARIAN_PEPPER_ROOT;13040;14;13040;26;;;13059;27;13061;20;;;13050;0.0
1;61100;INTARIAN_PEPPER_ROOT;13050;11;;;;;13059;14;13065;23;;;13053;0.0
1;61200;INTARIAN_PEPPER_ROOT;13044;14;;;;;13060;15;13062;26;;;13052;0.0
1;61300;INTARIAN_PEPPER_ROOT;13049;13;13047;29;;;13065;15;13069;29;;;13057;0.0
1;61400;INTARIAN_PEPPER_ROOT;13049;11;13047;20;;;13066;12;13070;27;;;13058;0.0
1;61500;INTARIAN_PEPPER_ROOT;13044;11;13042;23;13039;25;13060;12;13062;23;;;13052;0.0
1;61600;INTARIAN_PEPPER_ROOT;13042;11;;;;;13059;26;;;;;13050;0.0
1;61700;INTARIAN_PEPPER_ROOT;13052;13;13048;28;;;13068;15;13070;27;;;13060;0.0
1;61800;INTARIAN_PEPPER_ROOT;13052;15;13049;20;;;13068;14;13070;20;;;13060;0.0
1;61900;INTARIAN_PEPPER_ROOT;13053;13;13054;4;;;13064;6;13071;29;;;13061;0.0
1;62000;INTARIAN_PEPPER_ROOT;13050;13;;;;;13067;12;13061;20;;;13059;0.0
1;62100;INTARIAN_PEPPER_ROOT;13051;15;;;;;13067;13;13070;10;;;13059;0.0
1;62200;INTARIAN_PEPPER_ROOT;13058;10;;;;;13071;11;13077;11;;;13063;0.0
1;62300;INTARIAN_PEPPER_ROOT;;;;;;;13067;10;;;;;13058;0.0
1;62400;INTARIAN_PEPPER_ROOT;13043;12;13041;13;;;13060;30;;;;;13051;0.0
1;62500;INTARIAN_PEPPER_ROOT;13055;11;13052;23;;;13073;12;13075;30;;;13064;0.0
1;62600;INTARIAN_PEPPER_ROOT;13050;12;;;;;13066;13;13068;23;;;13058;0.0
1;62700;INTARIAN_PEPPER_ROOT;13050;15;13047;29;;;13067;13;13072;11;;;13059;0.0
1;62800;INTARIAN_PEPPER_ROOT;13049;13;13047;27;;;13066;10;;;;;13057;0.0
1;62900;INTARIAN_PEPPER_ROOT;13055;12;;;;;13063;21;;;;;13063;0.0
1;63000;INTARIAN_PEPPER_ROOT;13062;15;;;;;13070;13;13073;29;;;13062;0.0
1;63100;INTARIAN_PEPPER_ROOT;13053;15;13051;30;;;13069;11;13068;24;;;13061;0.0
1;63200;INTARIAN_PEPPER_ROOT;13051;14;13049;27;;;13069;13;13075;21;;;13059;0.0
1;63300;INTARIAN_PEPPER_ROOT;13053;13;;;;;13064;6;13074;25;;;13062;0.0
1;63400;INTARIAN_PEPPER_ROOT;13050;10;13048;30;;;13067;14;;;;;13059;0.0
1;63500;INTARIAN_PEPPER_ROOT;13061;14;13050;27;;;13070;14;;;;;13061;0.0
1;63600;INTARIAN_PEPPER_ROOT;;;;;;;13062;11;;;;;13054;0.0
1;63700;INTARIAN_PEPPER_ROOT;13052;10;13050;30;13045;23;13070;13;;;;;13060;0.0
1;63800;INTARIAN_PEPPER_ROOT;13051;11;;;;;13067;12;;;;;13059;0.0
1;63900;INTARIAN_PEPPER_ROOT;13054;26;13053;30;;;13072;14;13075;25;;;13064;0.0
1;64000;INTARIAN_PEPPER_ROOT;13055;14;13055;23;;;13074;28;13075;21;;;13065;0.0
1;64100;INTARIAN_PEPPER_ROOT;13046;23;13043;15;;;13055;25;13062;22;;;13055;0.0
1;64200;INTARIAN_PEPPER_ROOT;13052;14;;;;;13069;11;13071;25;;;13060;0.0
1;64300;INTARIAN_PEPPER_ROOT;;;;;;;13061;26;;;;;13052;0.0
1;64400;INTARIAN_PEPPER_ROOT;13052;15;13049;24;;;13069;13;13072;26;;;13060;0.0
1;64500;INTARIAN_PEPPER_ROOT;13048;15;;;;;13064;14;;;;;13056;0.0
1;64600;INTARIAN_PEPPER_ROOT;13052;15;13055;30;;;13068;15;13073;10;;;13060;0.0
1;64700;INTARIAN_PEPPER_ROOT;13052;15;13050;20;;;13070;11;13066;24;;;13060;0.0
1;64800;INTARIAN_PEPPER_ROOT;13054;11;13053;20;;;13071;13;13073;22;;;13063;0.0
1;64900;INTARIAN_PEPPER_ROOT;13054;15;;;;;13070;10;13072;23;;;13062;0.0
1;65000;INTARIAN_PEPPER_ROOT;13051;29;13049;28;;;13060;15;13070;29;;;13060;0.0
1;65100;INTARIAN_PEPPER_ROOT;13057;11;13055;23;;;13074;10;;;;;13066;0.0
1;65200;INTARIAN_PEPPER_ROOT;13054;14;13051;29;;;13071;27;13074;23;;;13062;0.0
1;65300;INTARIAN_PEPPER_ROOT;13052;22;;;;;13070;12;13072;28;;;13062;0.0
1;65400;INTARIAN_PEPPER_ROOT;13058;11;13055;30;;;13074;14;;;;;13066;0.0
1;65500;INTARIAN_PEPPER_ROOT;;;;;;;13076;28;13076;30;;;13065;0.0
1;65600;INTARIAN_PEPPER_ROOT;13046;12;13045;20;;;13064;10;;;;;13056;0.0
1;65700;INTARIAN_PEPPER_ROOT;13045;14;13042;23;;;13062;15;13064;23;;;13054;0.0
1;65800;INTARIAN_PEPPER_ROOT;13048;14;;;;;13064;11;13070;11;;;13056;0.0
1;65900;INTARIAN_PEPPER_ROOT;13053;13;;;;;13071;15;;;;;13062;0.0
1;66000;INTARIAN_PEPPER_ROOT;13062;15;13059;23;;;13078;12;13082;21;;;13070;0.0
1;66100;INTARIAN_PEPPER_ROOT;13062;15;13054;27;;;13073;15;13076;24;;;13065;0.0
1;66200;INTARIAN_PEPPER_ROOT;13059;14;;;;;13068;10;13075;27;;;13067;0.0
1;66300;INTARIAN_PEPPER_ROOT;13056;14;13054;25;;;13072;13;13067;21;;;13064;0.0
1;66400;INTARIAN_PEPPER_ROOT;13059;15;13055;26;;;13075;15;13077;26;;;13067;0.0
1;66500;INTARIAN_PEPPER_ROOT;13050;12;;;;;13066;15;13070;26;;;13058;0.0
1;66600;INTARIAN_PEPPER_ROOT;13055;10;;;;;13072;14;13073;25;;;13063;0.0
1;66700;INTARIAN_PEPPER_ROOT;13064;12;;;;;13076;10;13081;15;;;13068;0.0
1;66800;INTARIAN_PEPPER_ROOT;13057;12;13055;20;13049;20;13073;10;13076;26;;;13065;0.0
1;66900;INTARIAN_PEPPER_ROOT;13057;3;;;;;13074;26;13074;22;;;13064;0.0
1;67000;INTARIAN_PEPPER_ROOT;13048;14;13045;27;;;13065;12;13066;23;;;13057;0.0
1;67100;INTARIAN_PEPPER_ROOT;13059;12;13055;25;;;13075;15;13079;26;;;13067;0.0
1;67200;INTARIAN_PEPPER_ROOT;13067;15;13063;11;;;13084;12;;;;;13075;0.0
1;67300;INTARIAN_PEPPER_ROOT;13048;11;13045;22;;;13064;15;;;;;13056;0.0
1;67400;INTARIAN_PEPPER_ROOT;13060;13;;;;;13072;5;13079;27;;;13068;0.0
1;67500;INTARIAN_PEPPER_ROOT;13050;12;;;;;13061;5;13069;26;;;13058;0.0
1;67600;INTARIAN_PEPPER_ROOT;13062;9;13054;23;;;13074;21;13080;22;;;13065;0.0
1;67700;INTARIAN_PEPPER_ROOT;13058;13;13056;25;;;13074;10;;;;;13066;0.0
1;67800;INTARIAN_PEPPER_ROOT;13050;15;13045;13;13042;30;13061;4;13068;27;;;13058;0.0
1;67900;INTARIAN_PEPPER_ROOT;;;;;;;13074;13;13076;30;;;13066;0.0
1;68000;INTARIAN_PEPPER_ROOT;13060;12;;;;;13068;25;13078;23;;;13068;0.0
1;68100;INTARIAN_PEPPER_ROOT;13053;4;13048;29;;;13066;12;;;;;13058;0.0
1;68200;INTARIAN_PEPPER_ROOT;13052;15;13049;28;;;13070;14;;;;;13060;0.0
1;68300;INTARIAN_PEPPER_ROOT;13050;11;13048;27;;;13066;10;;;;;13058;0.0
1;68400;INTARIAN_PEPPER_ROOT;13049;11;13046;21;;;13065;14;13069;22;;;13057;0.0
1;68500;INTARIAN_PEPPER_ROOT;13063;4;13056;26;;;13078;11;;;;;13068;0.0
1;68600;INTARIAN_PEPPER_ROOT;13049;10;;;;;13067;28;13069;21;;;13057;0.0
1;68700;INTARIAN_PEPPER_ROOT;13049;15;13046;29;;;13066;12;;;;;13057;0.0
1;68800;INTARIAN_PEPPER_ROOT;13051;12;;;;;13067;12;13071;26;;;13059;0.0
1;68900;INTARIAN_PEPPER_ROOT;13050;11;13049;27;;;13067;26;13070;22;;;13059;0.0
1;69000;INTARIAN_PEPPER_ROOT;13056;12;13054;26;;;13068;2;;;;;13064;0.0
1;69100;INTARIAN_PEPPER_ROOT;13058;27;;;;;13076;15;13079;22;;;13068;0.0
1;69200;INTARIAN_PEPPER_ROOT;13063;12;13060;24;;;13080;14;;;;;13071;0.0
1;69300;INTARIAN_PEPPER_ROOT;13059;13;13055;27;;;13078;21;13078;22;;;13067;0.0
1;69400;INTARIAN_PEPPER_ROOT;13050;23;;;;;13068;12;13070;27;;;13060;0.0
1;69500;INTARIAN_PEPPER_ROOT;13057;15;13055;21;;;13074;12;;;;;13066;0.0
1;69600;INTARIAN_PEPPER_ROOT;13063;29;13060;27;;;;;;;;;13072;0.0
1;69700;INTARIAN_PEPPER_ROOT;13058;14;13056;14;;;13075;13;13077;21;;;13067;0.0
1;69800;INTARIAN_PEPPER_ROOT;13061;13;13060;24;;;13079;29;;;;;13070;0.0
1;69900;INTARIAN_PEPPER_ROOT;13059;15;;;;;13075;11;13078;23;;;13067;0.0
1;70000;INTARIAN_PEPPER_ROOT;13063;13;13061;29;;;13081;13;;;;;13071;0.0
1;70100;INTARIAN_PEPPER_ROOT;13060;11;13055;29;;;13077;26;;;;;13068;0.0
1;70200;INTARIAN_PEPPER_ROOT;13058;10;13055;28;;;13074;15;13077;21;;;13066;0.0
1;70300;INTARIAN_PEPPER_ROOT;13058;12;;;;;13074;11;;;;;13066;0.0
1;70400;INTARIAN_PEPPER_ROOT;13062;14;13059;23;;;13079;30;13082;30;;;13070;0.0
1;70500;INTARIAN_PEPPER_ROOT;13058;15;13055;29;;;13076;30;;;;;13066;0.0
1;70600;INTARIAN_PEPPER_ROOT;13070;14;;;;;13073;10;13082;11;;;13070;0.0
1;70700;INTARIAN_PEPPER_ROOT;13062;11;;;;;13078;14;;;;;13070;0.0
1;70800;INTARIAN_PEPPER_ROOT;13052;21;13051;20;;;13069;10;13072;24;;;13061;0.0
1;70900;INTARIAN_PEPPER_ROOT;13064;13;;;;;;;;;;;13072;0.0
1;71000;INTARIAN_PEPPER_ROOT;13061;14;13059;20;;;13079;21;13081;29;;;13070;0.0
1;71100;INTARIAN_PEPPER_ROOT;13062;13;13068;23;;;13078;10;13072;21;;;13070;0.0
1;71200;INTARIAN_PEPPER_ROOT;13065;11;13062;27;;;13082;24;;;;;13073;0.0
1;71300;INTARIAN_PEPPER_ROOT;13062;13;13061;27;;;13081;20;13081;28;;;13071;0.0
1;71400;INTARIAN_PEPPER_ROOT;13060;15;13058;29;;;13077;25;13079;21;;;13068;0.0
1;71500;INTARIAN_PEPPER_ROOT;13064;30;13070;21;;;13081;13;;;;;13073;0.0
1;71600;INTARIAN_PEPPER_ROOT;13059;27;;;;;13076;11;13079;21;;;13068;0.0
1;71700;INTARIAN_PEPPER_ROOT;13054;27;;;;;13073;12;13075;30;;;13064;0.0
1;71800;INTARIAN_PEPPER_ROOT;13061;14;13057;11;;;13077;14;13080;22;13082;25;13069;0.0
1;71900;INTARIAN_PEPPER_ROOT;13067;4;;;;;13073;10;;;;;13072;0.0
1;72000;INTARIAN_PEPPER_ROOT;13052;15;;;;;13069;11;13071;26;;;13060;0.0
1;72100;INTARIAN_PEPPER_ROOT;13052;13;;;;;13068;10;13070;24;;;13060;0.0
1;72200;INTARIAN_PEPPER_ROOT;13063;14;;;;;13081;15;;;;;13073;0.0
1;72300;INTARIAN_PEPPER_ROOT;13065;21;;;;;13078;13;13086;21;;;13075;0.0
1;72400;INTARIAN_PEPPER_ROOT;13066;12;13063;22;;;13082;10;;;;;13074;0.0
1;72500;INTARIAN_PEPPER_ROOT;13060;13;13057;29;;;13071;8;13079;20;;;13068;0.0
1;72600;INTARIAN_PEPPER_ROOT;13053;14;13050;24;;;13070;15;13071;30;;;13061;0.0
1;72700;INTARIAN_PEPPER_ROOT;13065;13;13064;27;;;13082;13;13085;21;;;13073;0.0
1;72800;INTARIAN_PEPPER_ROOT;13060;29;13067;24;;;13069;23;13080;26;;;13069;0.0
1;72900;INTARIAN_PEPPER_ROOT;13061;12;13058;20;;;13077;13;13071;20;;;13069;0.0
1;73000;INTARIAN_PEPPER_ROOT;13061;11;13056;12;;;13078;10;13080;28;13083;25;13069;0.0
1;73100;INTARIAN_PEPPER_ROOT;13065;10;;;;;13084;25;13083;27;;;13073;0.0
1;73200;INTARIAN_PEPPER_ROOT;13062;11;13060;23;;;13078;13;;;;;13070;0.0
1;73300;INTARIAN_PEPPER_ROOT;13051;30;;;;;13070;10;13075;27;;;13062;0.0
1;73400;INTARIAN_PEPPER_ROOT;13063;23;;;;;13073;10;;;;;13073;0.0
1;73500;INTARIAN_PEPPER_ROOT;13068;14;13066;25;;;13084;11;;;;;13076;0.0
1;73600;INTARIAN_PEPPER_ROOT;;;;;;;13078;10;13081;25;13086;29;13070;0.0
1;73700;INTARIAN_PEPPER_ROOT;13069;15;13066;22;;;13087;26;13085;20;;;13077;0.0
1;73800;INTARIAN_PEPPER_ROOT;13067;13;;;;;13084;11;13085;28;;;13075;0.0
1;73900;INTARIAN_PEPPER_ROOT;13066;14;13065;23;;;13083;15;13086;29;;;13075;0.0
1;74000;INTARIAN_PEPPER_ROOT;;;;;;;13083;20;13084;24;;;13073;0.0
1;74100;INTARIAN_PEPPER_ROOT;13057;23;13055;23;;;13076;14;13077;29;;;13066;0.0
1;74200;INTARIAN_PEPPER_ROOT;13052;22;13052;25;;;13067;10;13073;24;;;13062;0.0
1;74300;INTARIAN_PEPPER_ROOT;13062;11;;;;;13080;24;13081;20;;;13070;0.0
1;74400;INTARIAN_PEPPER_ROOT;13061;14;13054;28;;;13074;11;13075;22;;;13064;0.0
1;74500;INTARIAN_PEPPER_ROOT;13064;13;13060;30;;;13081;14;;;;;13073;0.0
1;74600;INTARIAN_PEPPER_ROOT;13065;10;13063;28;;;13083;15;13084;22;;;13073;0.0
1;74700;INTARIAN_PEPPER_ROOT;13055;12;;;;;13072;15;13074;26;;;13063;0.0
1;74800;INTARIAN_PEPPER_ROOT;13065;15;;;;;13083;29;;;;;13074;0.0
1;74900;INTARIAN_PEPPER_ROOT;;;;;;;13080;10;13083;30;;;13072;0.0
1;75000;INTARIAN_PEPPER_ROOT;13060;12;13058;24;;;13076;4;13081;27;;;13070;0.0
1;75100;INTARIAN_PEPPER_ROOT;13075;5;;;;;13086;14;13090;28;13092;25;13078;0.0
1;75200;INTARIAN_PEPPER_ROOT;13069;10;;;;;13072;10;13075;27;;;13072;0.0
1;75300;INTARIAN_PEPPER_ROOT;13067;12;13065;30;;;13083;14;13085;22;;;13075;0.0
1;75400;INTARIAN_PEPPER_ROOT;13062;15;13061;27;;;13080;15;13078;23;;;13072;0.0
1;75500;INTARIAN_PEPPER_ROOT;13068;13;13064;21;;;13084;10;13086;21;;;13076;0.0
1;75600;INTARIAN_PEPPER_ROOT;;;;;;;13085;13;13087;25;;;13076;0.0
1;75700;INTARIAN_PEPPER_ROOT;13068;10;;;;;13084;12;;;;;13076;0.0
1;75800;INTARIAN_PEPPER_ROOT;13073;14;;;;;13082;12;13083;25;;;13073;0.0
1;75900;INTARIAN_PEPPER_ROOT;13067;15;;;;;13083;14;13085;25;;;13075;0.0
1;76000;INTARIAN_PEPPER_ROOT;13066;13;13063;23;;;13082;11;13084;30;;;13074;0.0
1;76100;INTARIAN_PEPPER_ROOT;13069;3;;;;;13084;11;13084;30;13089;21;13076;0.0
1;76200;INTARIAN_PEPPER_ROOT;13068;12;13065;22;;;;;;;;;13076;0.0
1;76300;INTARIAN_PEPPER_ROOT;13065;26;13064;20;;;13083;10;13085;20;;;13075;0.0
1;76400;INTARIAN_PEPPER_ROOT;13057;10;;;;;13073;12;13079;13;;;13065;0.0
1;76500;INTARIAN_PEPPER_ROOT;13056;14;;;;;13074;14;13076;26;;;13065;0.0
1;76600;INTARIAN_PEPPER_ROOT;13069;11;13066;29;;;13085;12;13087;30;;;13077;0.0
1;76700;INTARIAN_PEPPER_ROOT;13059;12;;;;;13076;14;;;;;13068;0.0
1;76800;INTARIAN_PEPPER_ROOT;;;;;;;13084;11;13087;27;;;13076;0.0
1;76900;INTARIAN_PEPPER_ROOT;13066;10;13058;25;;;13079;14;13089;14;;;13074;0.0
1;77000;INTARIAN_PEPPER_ROOT;;;;;;;13082;13;13085;21;;;13074;0.0
1;77100;INTARIAN_PEPPER_ROOT;13068;15;;;;;13084;11;;;;;13076;0.0
1;77200;INTARIAN_PEPPER_ROOT;13076;10;;;;;13085;15;13088;27;;;13077;0.0
1;77300;INTARIAN_PEPPER_ROOT;13070;13;;;;;13086;14;13090;26;;;13078;0.0
1;77400;INTARIAN_PEPPER_ROOT;13069;11;13064;12;;;13085;15;;;;;13079;0.0
1;77500;INTARIAN_PEPPER_ROOT;13069;15;13067;21;;;13085;10;13088;21;;;13077;0.0
1;77600;INTARIAN_PEPPER_ROOT;13069;11;13063;22;;;13084;28;;;;;13074;0.0
1;77700;INTARIAN_PEPPER_ROOT;13060;15;13058;20;;;13069;14;13081;30;;;13069;0.0
1;77800;INTARIAN_PEPPER_ROOT;;;;;;;13084;25;13087;22;;;13074;0.0
1;77900;INTARIAN_PEPPER_ROOT;;;;;;;13081;2;13082;30;;;13075;0.0
1;78000;INTARIAN_PEPPER_ROOT;13068;25;13067;21;;;13086;10;;;;;13078;0.0
1;78100;INTARIAN_PEPPER_ROOT;13067;14;13065;21;;;13085;14;13086;25;;;13075;0.0
1;78200;INTARIAN_PEPPER_ROOT;13067;11;13064;22;;;;;;;;;13075;0.0
1;78300;INTARIAN_PEPPER_ROOT;13061;22;13062;23;;;13080;15;;;;;13072;0.0
1;78400;INTARIAN_PEPPER_ROOT;13078;26;13076;26;;;13096;13;13098;20;;;13087;0.0
1;78500;INTARIAN_PEPPER_ROOT;13075;12;13072;20;;;13092;26;13093;23;;;13083;0.0
1;78600;INTARIAN_PEPPER_ROOT;13067;10;;;;;13084;29;;;;;13075;0.0
1;78700;INTARIAN_PEPPER_ROOT;13059;15;13056;22;;;13077;30;;;;;13067;0.0
1;78800;INTARIAN_PEPPER_ROOT;13072;11;13069;28;;;13088;11;13090;25;;;13080;0.0
1;78900;INTARIAN_PEPPER_ROOT;13076;9;;;;;13089;15;13091;26;;;13081;0.0
1;79000;INTARIAN_PEPPER_ROOT;13069;10;13067;23;;;13086;14;13089;21;;;13077;0.0
1;79100;INTARIAN_PEPPER_ROOT;13069;13;13067;22;;;13082;13;13088;29;;;13077;0.0
1;79200;INTARIAN_PEPPER_ROOT;13060;10;13061;28;;;13076;14;;;;;13068;0.0
1;79300;INTARIAN_PEPPER_ROOT;13060;10;13065;29;;;13076;15;13078;21;;;13068;0.0
1;79400;INTARIAN_PEPPER_ROOT;13073;13;13071;30;;;13089;10;;;;;13081;0.0
1;79500;INTARIAN_PEPPER_ROOT;13070;13;13063;23;;;13081;14;13083;25;;;13073;0.0
1;79600;INTARIAN_PEPPER_ROOT;13068;12;;;;;13085;27;13087;26;;;13076;0.0
1;79700;INTARIAN_PEPPER_ROOT;13069;10;;;;;13087;15;13088;20;;;13077;0.0
1;79800;INTARIAN_PEPPER_ROOT;13066;26;13066;23;;;13085;15;13084;26;;;13077;0.0
1;79900;INTARIAN_PEPPER_ROOT;13061;15;;;;;13077;12;;;;;13069;0.0
1;80000;INTARIAN_PEPPER_ROOT;13068;11;;;;;13084;11;13087;27;;;13076;0.0
1;80100;INTARIAN_PEPPER_ROOT;13061;12;13059;24;;;13073;5;13079;30;13084;23;13069;0.0
1;80200;INTARIAN_PEPPER_ROOT;;;;;;;13091;13;13092;26;;;13082;0.0
1;80300;INTARIAN_PEPPER_ROOT;;;;;;;13085;11;;;;;13077;0.0
1;80400;INTARIAN_PEPPER_ROOT;13059;24;13057;26;;;13077;20;13079;26;;;13069;0.0
1;80500;INTARIAN_PEPPER_ROOT;13073;12;;;;;13088;11;;;;;13078;0.0
1;80600;INTARIAN_PEPPER_ROOT;13068;12;13065;13;;;13084;14;13087;30;;;13076;0.0
1;80700;INTARIAN_PEPPER_ROOT;;;;;;;13082;8;13088;25;;;13078;0.0
1;80800;INTARIAN_PEPPER_ROOT;13063;14;13063;25;;;13081;13;13084;29;;;13073;0.0
1;80900;INTARIAN_PEPPER_ROOT;13070;13;13067;25;;;13087;29;13084;20;;;13078;0.0
1;81000;INTARIAN_PEPPER_ROOT;13062;10;13059;28;;;13075;3;13082;23;;;13071;0.0
1;81100;INTARIAN_PEPPER_ROOT;13067;14;;;;;13084;12;13086;28;;;13076;0.0
1;81200;INTARIAN_PEPPER_ROOT;13062;12;13058;29;;;13078;14;;;;;13070;0.0
1;81300;INTARIAN_PEPPER_ROOT;13071;13;;;;;13088;12;;;;;13079;0.0
1;81400;INTARIAN_PEPPER_ROOT;13067;14;13064;12;;;13075;11;13087;30;;;13075;0.0
1;81500;INTARIAN_PEPPER_ROOT;13073;9;13067;28;13064;27;13085;14;13088;28;;;13077;0.0
1;81600;INTARIAN_PEPPER_ROOT;13071;27;;;;;13089;14;;;;;13081;0.0
1;81700;INTARIAN_PEPPER_ROOT;13070;15;13068;22;;;13086;13;;;;;13078;0.0
1;81800;INTARIAN_PEPPER_ROOT;13069;14;13066;24;;;13086;20;13089;30;;;13077;0.0
1;81900;INTARIAN_PEPPER_ROOT;13073;13;13070;20;;;13089;11;;;;;13081;0.0
1;82000;INTARIAN_PEPPER_ROOT;;;;;;;13092;14;;;;;13084;0.0
1;82100;INTARIAN_PEPPER_ROOT;13073;26;13070;21;;;13090;11;;;;;13082;0.0
1;82200;INTARIAN_PEPPER_ROOT;13067;2;;;;;13080;11;;;;;13072;0.0
1;82300;INTARIAN_PEPPER_ROOT;13070;20;13068;25;;;13083;8;13091;13;13095;27;13079;0.0
1;82400;INTARIAN_PEPPER_ROOT;13070;11;13067;24;;;13083;5;;;;;13078;0.0
1;82500;INTARIAN_PEPPER_ROOT;13075;14;13072;28;;;13091;10;;;;;13083;0.0
1;82600;INTARIAN_PEPPER_ROOT;13066;3;13061;21;;;13081;24;13081;20;;;13071;0.0
1;82700;INTARIAN_PEPPER_ROOT;13063;13;13060;26;;;13079;15;;;;;13071;0.0
1;82800;INTARIAN_PEPPER_ROOT;13070;12;13067;22;;;13084;14;13084;29;;;13078;0.0
1;82900;INTARIAN_PEPPER_ROOT;13071;13;;;;;13087;13;;;;;13079;0.0
1;83000;INTARIAN_PEPPER_ROOT;13072;13;13070;21;;;13088;12;;;;;13080;0.0
1;83100;INTARIAN_PEPPER_ROOT;13067;10;13061;30;;;13080;11;13082;25;;;13072;0.0
1;83200;INTARIAN_PEPPER_ROOT;13064;10;13061;23;;;13080;15;;;;;13072;0.0
1;83300;INTARIAN_PEPPER_ROOT;13073;10;;;;;13090;15;13094;30;;;13082;0.0
1;83400;INTARIAN_PEPPER_ROOT;13074;12;13071;12;;;13087;4;13092;28;;;13083;0.0
1;83500;INTARIAN_PEPPER_ROOT;13074;14;13072;25;;;13091;11;13095;26;;;13083;0.0
1;83600;INTARIAN_PEPPER_ROOT;13065;15;;;;;13081;14;13085;28;;;13073;0.0
1;83700;INTARIAN_PEPPER_ROOT;13075;15;13073;21;;;13091;10;13093;22;;;13083;0.0
1;83800;INTARIAN_PEPPER_ROOT;13076;15;13074;27;;;13092;12;13094;28;;;13084;0.0
1;83900;INTARIAN_PEPPER_ROOT;13076;14;;;;;13094;23;;;;;13084;0.0
1;84000;INTARIAN_PEPPER_ROOT;13064;11;;;;;13080;12;13082;20;;;13072;0.0
1;84100;INTARIAN_PEPPER_ROOT;13067;12;13065;26;;;13083;14;;;;;13075;0.0
1;84200;INTARIAN_PEPPER_ROOT;13070;12;;;;;13090;27;;;;;13080;0.0
1;84300;INTARIAN_PEPPER_ROOT;13067;15;;;;;13086;10;13087;22;;;13076;0.0
1;84400;INTARIAN_PEPPER_ROOT;13066;10;13061;11;;;13082;10;13084;22;;;13074;0.0
1;84500;INTARIAN_PEPPER_ROOT;13069;12;13066;26;;;;;;;;;13077;0.0
1;84600;INTARIAN_PEPPER_ROOT;13072;13;13070;26;;;13090;10;13092;26;;;13082;0.0
1;84700;INTARIAN_PEPPER_ROOT;13075;14;;;;;13093;10;;;;;13085;0.0
1;84800;INTARIAN_PEPPER_ROOT;13073;14;;;;;13084;10;13092;23;;;13081;0.0
1;84900;INTARIAN_PEPPER_ROOT;13077;14;13075;30;;;13093;10;13095;29;;;13085;0.0
1;85000;INTARIAN_PEPPER_ROOT;13078;15;;;;;13094;11;13096;29;;;13086;0.0
1;85100;INTARIAN_PEPPER_ROOT;13076;10;13077;28;;;13092;10;13095;27;;;13084;0.0
1;85200;INTARIAN_PEPPER_ROOT;13077;10;13074;26;;;13095;21;13096;21;;;13085;0.0
1;85300;INTARIAN_PEPPER_ROOT;13068;11;13064;23;;;13085;15;13088;28;;;13076;0.0
1;85400;INTARIAN_PEPPER_ROOT;13077;15;;;;;13094;26;13096;21;;;13085;0.0
1;85500;INTARIAN_PEPPER_ROOT;13073;11;13071;22;;;13089;14;13091;20;;;13081;0.0
1;85600;INTARIAN_PEPPER_ROOT;13068;10;13064;21;;;13084;11;13088;20;;;13076;0.0
1;85700;INTARIAN_PEPPER_ROOT;13078;14;;;;;13089;14;;;;;13086;0.0
1;85800;INTARIAN_PEPPER_ROOT;;;;;;;13093;15;13097;24;;;13085;0.0
1;85900;INTARIAN_PEPPER_ROOT;13078;12;13075;22;;;13094;14;13097;22;;;13086;0.0
1;86000;INTARIAN_PEPPER_ROOT;13079;5;13073;27;;;13089;5;13095;24;;;13084;0.0
1;86100;INTARIAN_PEPPER_ROOT;13068;14;13065;22;;;13086;15;13084;28;;;13076;0.0
1;86200;INTARIAN_PEPPER_ROOT;13079;13;13076;22;;;13097;21;13099;29;;;13087;0.0
1;86300;INTARIAN_PEPPER_ROOT;13073;11;13066;24;;;13084;13;13088;25;;;13076;0.0
1;86400;INTARIAN_PEPPER_ROOT;13067;13;13065;28;;;13083;11;13085;25;;;13075;0.0
1;86500;INTARIAN_PEPPER_ROOT;13070;10;;;;;13087;28;13090;21;;;13078;0.0
1;86600;INTARIAN_PEPPER_ROOT;13076;10;;;;;13092;14;13095;22;;;13084;0.0
1;86700;INTARIAN_PEPPER_ROOT;13075;13;13070;20;;;13092;28;13094;25;;;13083;0.0
1;86800;INTARIAN_PEPPER_ROOT;13086;15;;;;;13096;13;;;;;13086;0.0
1;86900;INTARIAN_PEPPER_ROOT;13077;13;13074;24;;;13093;10;;;;;13085;0.0
1;87000;INTARIAN_PEPPER_ROOT;13074;15;13079;30;;;13085;12;13092;21;;;13082;0.0
1;87100;INTARIAN_PEPPER_ROOT;13085;15;13078;25;;;13098;10;13100;22;;;13090;0.0
1;87200;INTARIAN_PEPPER_ROOT;13076;12;;;;;13092;15;13095;28;;;13084;0.0
1;87300;INTARIAN_PEPPER_ROOT;13077;15;13075;22;;;13094;14;13089;23;;;13086;0.0
1;87400;INTARIAN_PEPPER_ROOT;13079;13;13076;23;;;13095;15;13099;26;;;13087;0.0
1;87500;INTARIAN_PEPPER_ROOT;13078;12;;;;;13086;14;;;;;13078;0.0
1;87600;INTARIAN_PEPPER_ROOT;13080;14;13086;21;;;;;;;;;13089;0.0
1;87700;INTARIAN_PEPPER_ROOT;13083;30;13082;24;;;13100;11;13103;27;;;13092;0.0
1;87800;INTARIAN_PEPPER_ROOT;13076;10;13075;24;;;13094;10;;;;;13085;0.0
1;87900;INTARIAN_PEPPER_ROOT;13076;12;13073;24;;;13088;12;13096;10;;;13084;0.0
1;88000;INTARIAN_PEPPER_ROOT;13076;15;13073;20;;;13092;15;;;;;13084;0.0
1;88100;INTARIAN_PEPPER_ROOT;13073;24;;;;;13091;10;13094;29;;;13083;0.0
1;88200;INTARIAN_PEPPER_ROOT;13076;13;;;;;13093;15;;;;;13085;0.0
1;88300;INTARIAN_PEPPER_ROOT;13077;15;13073;25;;;13094;10;13096;29;;;13085;0.0
1;88400;INTARIAN_PEPPER_ROOT;13074;20;;;;;13092;11;13094;21;;;13084;0.0
1;88500;INTARIAN_PEPPER_ROOT;13076;15;13070;14;;;13092;13;13094;22;;;13084;0.0
1;88600;INTARIAN_PEPPER_ROOT;13079;21;13079;25;;;13097;13;13101;27;;;13089;0.0
1;88700;INTARIAN_PEPPER_ROOT;13071;12;;;;;13087;11;13089;24;;;13079;0.0
1;88800;INTARIAN_PEPPER_ROOT;;;;;;;13091;14;13093;30;;;13083;0.0
1;88900;INTARIAN_PEPPER_ROOT;13080;11;;;;;13096;15;13098;28;13101;24;13088;0.0
1;89000;INTARIAN_PEPPER_ROOT;13071;15;;;;;13088;11;13091;20;13095;24;13079;0.0
1;89100;INTARIAN_PEPPER_ROOT;13078;10;;;;;13086;10;13096;26;;;13086;0.0
1;89200;INTARIAN_PEPPER_ROOT;13076;26;;;;;;;;;;;13086;0.0
1;89300;INTARIAN_PEPPER_ROOT;13069;14;13067;21;;;13085;10;13089;27;;;13077;0.0
1;89400;INTARIAN_PEPPER_ROOT;13077;14;13074;30;;;13093;15;13096;30;;;13085;0.0
1;89500;INTARIAN_PEPPER_ROOT;13081;11;13078;20;;;13097;12;13100;26;;;13089;0.0
1;89600;INTARIAN_PEPPER_ROOT;13082;12;;;;;;;;;;;13090;0.0
1;89700;INTARIAN_PEPPER_ROOT;13079;12;13076;20;;;13089;7;13098;26;13102;29;13087;0.0
1;89800;INTARIAN_PEPPER_ROOT;13071;12;13068;21;;;13087;10;13089;21;;;13079;0.0
1;89900;INTARIAN_PEPPER_ROOT;13076;10;13073;27;;;13089;14;13096;29;;;13085;0.0
1;90000;INTARIAN_PEPPER_ROOT;13081;12;13079;27;;;13098;25;;;;;13089;0.0
1;90100;INTARIAN_PEPPER_ROOT;13073;4;13069;23;;;13088;12;13091;28;;;13080;0.0
1;90200;INTARIAN_PEPPER_ROOT;13084;13;13082;23;;;13101;22;13103;29;;;13092;0.0
1;90300;INTARIAN_PEPPER_ROOT;13078;22;13078;24;13073;26;13096;12;13091;28;;;13088;0.0
1;90400;INTARIAN_PEPPER_ROOT;13083;12;13081;27;;;13099;13;13103;25;;;13091;0.0
1;90500;INTARIAN_PEPPER_ROOT;13078;15;13074;22;;;13095;11;13096;23;;;13086;0.0
1;90600;INTARIAN_PEPPER_ROOT;13080;12;13078;26;;;13096;14;;;;;13088;0.0
1;90700;INTARIAN_PEPPER_ROOT;13087;14;13085;20;;;13103;15;13106;30;;;13095;0.0
1;90800;INTARIAN_PEPPER_ROOT;13085;12;13083;30;;;13098;14;13104;25;;;13093;0.0
1;90900;INTARIAN_PEPPER_ROOT;13087;10;;;;;13100;13;13102;25;;;13092;0.0
1;91000;INTARIAN_PEPPER_ROOT;;;;;;;13087;14;13082;22;13095;24;13079;0.0
1;91100;INTARIAN_PEPPER_ROOT;13080;10;;;;;13096;15;13100;25;;;13088;0.0
1;91200;INTARIAN_PEPPER_ROOT;13073;15;13071;23;;;13082;12;13084;23;;;13081;0.0
1;91300;INTARIAN_PEPPER_ROOT;13081;30;13081;28;;;13100;13;13101;24;;;13091;0.0
1;91400;INTARIAN_PEPPER_ROOT;13080;14;13076;24;;;13097;22;;;;;13088;0.0
1;91500;INTARIAN_PEPPER_ROOT;13079;10;13077;20;;;13097;10;13098;26;;;13088;0.0
1;91600;INTARIAN_PEPPER_ROOT;13077;13;13074;25;;;13093;15;13096;24;;;13085;0.0
1;91700;INTARIAN_PEPPER_ROOT;13073;11;;;;;13086;2;;;;;13081;0.0
1;91800;INTARIAN_PEPPER_ROOT;13083;15;13081;20;;;13099;13;;;;;13091;0.0
1;91900;INTARIAN_PEPPER_ROOT;13084;10;13081;28;;;13100;10;13098;23;;;13092;0.0
1;92000;INTARIAN_PEPPER_ROOT;13082;15;13081;28;;;13101;10;13101;23;;;13091;0.0
1;92100;INTARIAN_PEPPER_ROOT;13084;14;13080;22;;;13100;13;13103;27;;;13092;0.0
1;92200;INTARIAN_PEPPER_ROOT;13083;15;;;;;13099;11;13101;20;;;13091;0.0
1;92300;INTARIAN_PEPPER_ROOT;13084;12;13080;24;;;13092;12;13103;24;;;13092;0.0
1;92400;INTARIAN_PEPPER_ROOT;13079;15;;;;;13089;27;13100;23;;;13088;0.0
1;92500;INTARIAN_PEPPER_ROOT;13084;12;;;;;13100;15;13104;22;;;13092;0.0
1;92600;INTARIAN_PEPPER_ROOT;13080;25;13079;28;;;13097;10;13100;14;;;13089;0.0
1;92700;INTARIAN_PEPPER_ROOT;13087;11;13084;22;;;13100;5;;;;;13095;0.0
1;92800;INTARIAN_PEPPER_ROOT;13083;11;13081;23;;;13099;29;13100;24;;;13092;0.0
1;92900;INTARIAN_PEPPER_ROOT;13085;12;13082;30;;;13103;13;;;;;13093;0.0
1;93000;INTARIAN_PEPPER_ROOT;13078;21;13076;27;;;13095;13;13099;15;;;13086;0.0
1;93100;INTARIAN_PEPPER_ROOT;13083;14;;;;;13099;13;;;;;13091;0.0
1;93200;INTARIAN_PEPPER_ROOT;13083;10;13081;24;;;13099;12;;;;;13091;0.0
1;93300;INTARIAN_PEPPER_ROOT;13085;15;13082;28;;;13101;15;13103;20;;;13093;0.0
1;93400;INTARIAN_PEPPER_ROOT;13080;10;13079;24;;;13097;15;13100;24;;;13089;0.0
1;93500;INTARIAN_PEPPER_ROOT;13084;12;13081;30;;;13099;10;;;;;13092;0.0
1;93600;INTARIAN_PEPPER_ROOT;13081;24;;;;;13098;13;13101;26;;;13090;0.0
1;93700;INTARIAN_PEPPER_ROOT;13086;14;13084;24;;;13102;13;;;;;13094;0.0
1;93800;INTARIAN_PEPPER_ROOT;13086;14;13086;20;;;13098;10;13105;25;;;13094;0.0
1;93900;INTARIAN_PEPPER_ROOT;13086;12;;;;;13102;14;13105;21;;;13094;0.0
1;94000;INTARIAN_PEPPER_ROOT;13087;12;13088;28;;;13104;22;13106;23;;;13095;0.0
1;94100;INTARIAN_PEPPER_ROOT;13075;10;13073;24;;;13093;13;13095;30;;;13083;0.0
1;94200;INTARIAN_PEPPER_ROOT;13090;2;13080;23;;;13090;14;;;;;13090;0.0
1;94300;INTARIAN_PEPPER_ROOT;13081;12;13079;24;;;13098;24;;;;;13089;0.0
1;94400;INTARIAN_PEPPER_ROOT;13081;14;;;;;13098;13;13101;25;;;13089;0.0
1;94500;INTARIAN_PEPPER_ROOT;13088;11;;;;;13104;14;13108;25;;;13096;0.0
1;94600;INTARIAN_PEPPER_ROOT;13084;30;13082;29;;;13101;11;13104;30;;;13093;0.0
1;94700;INTARIAN_PEPPER_ROOT;13086;13;;;;;13102;10;;;;;13094;0.0
1;94800;INTARIAN_PEPPER_ROOT;13083;13;13079;25;;;13099;15;;;;;13091;0.0
1;94900;INTARIAN_PEPPER_ROOT;13085;11;13082;21;;;13101;13;13104;20;;;13093;0.0
1;95000;INTARIAN_PEPPER_ROOT;13080;12;13086;28;;;;;;;;;13088;0.0
1;95100;INTARIAN_PEPPER_ROOT;13077;10;;;;;13093;11;13095;20;;;13085;0.0
1;95200;INTARIAN_PEPPER_ROOT;13075;12;13074;24;13068;28;13092;11;13096;27;;;13083;0.0
1;95300;INTARIAN_PEPPER_ROOT;13087;15;13094;26;;;13105;14;13109;20;;;13097;0.0
1;95400;INTARIAN_PEPPER_ROOT;13083;13;;;;;13099;10;;;;;13091;0.0
1;95500;INTARIAN_PEPPER_ROOT;13084;11;13081;22;;;13101;13;;;;;13093;0.0
1;95600;INTARIAN_PEPPER_ROOT;13081;20;13079;25;;;13099;13;;;;;13091;0.0
1;95700;INTARIAN_PEPPER_ROOT;13085;11;;;;;13101;11;13103;26;;;13093;0.0
1;95800;INTARIAN_PEPPER_ROOT;13081;20;13079;29;;;13099;12;13101;23;;;13091;0.0
1;95900;INTARIAN_PEPPER_ROOT;13089;12;;;;;13106;14;;;;;13098;0.0
1;96000;INTARIAN_PEPPER_ROOT;13089;11;;;;;13105;12;13107;30;;;13097;0.0
1;96100;INTARIAN_PEPPER_ROOT;13084;11;13082;25;;;13101;20;13094;23;;;13092;0.0
1;96200;INTARIAN_PEPPER_ROOT;13088;15;13084;30;;;13104;14;13102;22;;;13096;0.0
1;96300;INTARIAN_PEPPER_ROOT;13088;13;13086;20;;;13104;15;;;;;13096;0.0
1;96400;INTARIAN_PEPPER_ROOT;13083;13;;;;;13096;3;13102;23;;;13091;0.0
1;96500;INTARIAN_PEPPER_ROOT;13089;13;13086;20;13081;24;13105;15;13107;23;;;13097;0.0
1;96600;INTARIAN_PEPPER_ROOT;13088;30;13088;24;;;;;;;;;13098;0.0
1;96700;INTARIAN_PEPPER_ROOT;13091;13;;;;;13107;10;13111;30;;;13099;0.0
1;96800;INTARIAN_PEPPER_ROOT;13088;13;13094;22;;;13104;10;;;;;13096;0.0
1;96900;INTARIAN_PEPPER_ROOT;13088;15;;;;;13106;14;13106;30;;;13096;0.0
1;97000;INTARIAN_PEPPER_ROOT;13091;14;13090;23;;;13100;11;13112;11;;;13100;0.0
1;97100;INTARIAN_PEPPER_ROOT;13089;10;;;;;13108;12;;;;;13099;0.0
1;97200;INTARIAN_PEPPER_ROOT;13086;10;13089;28;;;13103;13;13105;27;;;13094;0.0
1;97300;INTARIAN_PEPPER_ROOT;13082;9;13077;23;;;13096;11;13098;26;;;13087;0.0
1;97400;INTARIAN_PEPPER_ROOT;13086;10;13084;29;;;13104;26;13105;24;;;13094;0.0
1;97500;INTARIAN_PEPPER_ROOT;13091;11;;;;;13107;10;13101;23;;;13099;0.0
1;97600;INTARIAN_PEPPER_ROOT;13086;13;13082;23;;;13102;15;13101;3;;;13094;0.0
1;97700;INTARIAN_PEPPER_ROOT;13090;14;13087;30;;;13106;10;;;;;13098;0.0
1;97800;INTARIAN_PEPPER_ROOT;13086;24;;;;;13103;10;;;;;13095;0.0
1;97900;INTARIAN_PEPPER_ROOT;13085;10;13082;29;;;13101;10;;;;;13093;0.0
1;98000;INTARIAN_PEPPER_ROOT;13087;15;13084;20;;;13103;12;13097;28;;;13095;0.0
1;98100;INTARIAN_PEPPER_ROOT;13080;10;13079;29;;;13098;22;;;;;13088;0.0
1;98200;INTARIAN_PEPPER_ROOT;13079;10;;;;;13095;11;13098;27;;;13087;0.0
1;98300;INTARIAN_PEPPER_ROOT;13079;13;;;;;13093;26;13097;20;;;13087;0.0
1;98400;INTARIAN_PEPPER_ROOT;13091;15;13089;27;;;;;;;;;13100;0.0
1;98500;INTARIAN_PEPPER_ROOT;13090;10;13087;27;;;13106;12;13108;25;;;13098;0.0
1;98600;INTARIAN_PEPPER_ROOT;13079;14;;;;;13096;14;;;;;13088;0.0
1;98700;INTARIAN_PEPPER_ROOT;13077;29;13077;29;;;13087;15;13097;30;;;13087;0.0
1;98800;INTARIAN_PEPPER_ROOT;13089;25;;;;;13107;15;;;;;13099;0.0
1;98900;INTARIAN_PEPPER_ROOT;13087;10;13084;24;;;13103;13;;;;;13095;0.0
1;99000;INTARIAN_PEPPER_ROOT;13086;11;;;;;13103;25;13100;27;;;13094;0.0
1;99100;INTARIAN_PEPPER_ROOT;13079;13;;;;;13095;15;;;;;13087;0.0
1;99200;INTARIAN_PEPPER_ROOT;13090;11;13088;24;;;13108;20;13108;25;;;13098;0.0
1;99300;INTARIAN_PEPPER_ROOT;13088;14;13078;14;;;13096;10;;;;;13088;0.0
1;99400;INTARIAN_PEPPER_ROOT;;;;;;;13107;14;13110;23;;;13099;0.0
1;99500;INTARIAN_PEPPER_ROOT;13090;25;13088;23;;;13107;12;13109;29;;;13099;0.0
1;99600;INTARIAN_PEPPER_ROOT;13093;13;13087;24;;;13105;11;13107;27;;;13097;0.0
1;99700;INTARIAN_PEPPER_ROOT;13086;12;13085;22;;;13105;14;13104;24;;;13096;0.0
1;99800;INTARIAN_PEPPER_ROOT;13088;12;13086;20;13083;21;13106;29;;;;;13097;0.0
1;99900;INTARIAN_PEPPER_ROOT;13080;12;13078;28;;;13096;11;;;;;13088;0.0
1;100000;INTARIAN_PEPPER_ROOT;13082;14;13078;29;;;13100;27;13102;21;;;13090;0.0
1;100100;INTARIAN_PEPPER_ROOT;13087;14;13086;29;;;13104;13;13099;28;;;13096;0.0
1;100200;INTARIAN_PEPPER_ROOT;13092;10;13090;21;;;13108;11;;;;;13100;0.0
1;100300;INTARIAN_PEPPER_ROOT;13091;11;13089;27;;;13107;15;13112;10;;;13099;0.0
1;100400;INTARIAN_PEPPER_ROOT;13092;24;13090;29;;;13110;10;13112;22;;;13100;0.0
1;100500;INTARIAN_PEPPER_ROOT;13081;14;13078;23;;;13097;12;13100;24;;;13089;0.0
1;100600;INTARIAN_PEPPER_ROOT;13089;11;13090;28;;;13106;11;;;;;13097;0.0
1;100700;INTARIAN_PEPPER_ROOT;13081;11;13078;20;;;13097;12;13100;21;;;13089;0.0
1;100800;INTARIAN_PEPPER_ROOT;13088;13;13089;30;;;13104;15;13107;25;;;13096;0.0
1;100900;INTARIAN_PEPPER_ROOT;13089;15;13086;28;;;13105;10;13108;26;;;13097;0.0
1;101000;INTARIAN_PEPPER_ROOT;13089;13;13085;28;;;;;;;;;13097;0.0
1;101100;INTARIAN_PEPPER_ROOT;13093;14;13090;24;;;13110;15;13111;29;;;13101;0.0
1;101200;INTARIAN_PEPPER_ROOT;13092;12;;;;;13108;10;13110;30;;;13100;0.0
1;101300;INTARIAN_PEPPER_ROOT;13093;12;13091;24;;;13108;26;13112;23;;;13101;0.0
1;101400;INTARIAN_PEPPER_ROOT;13097;10;;;;;13108;23;;;;;13100;0.0
1;101500;INTARIAN_PEPPER_ROOT;13095;15;13093;26;;;13106;15;;;;;13103;0.0
1;101600;INTARIAN_PEPPER_ROOT;13093;30;13092;26;;;13112;24;;;;;13102;0.0
1;101700;INTARIAN_PEPPER_ROOT;13082;27;;;;;13100;10;13102;23;;;13092;0.0
1;101800;INTARIAN_PEPPER_ROOT;13098;12;13096;20;;;13107;12;;;;;13099;0.0
1;101900;INTARIAN_PEPPER_ROOT;13091;11;13089;27;;;13099;14;;;;;13099;0.0
1;102000;INTARIAN_PEPPER_ROOT;13086;26;13085;22;;;13103;11;13107;26;;;13095;0.0
1;102100;INTARIAN_PEPPER_ROOT;13092;14;;;;;13109;15;;;;;13100;0.0
1;102200;INTARIAN_PEPPER_ROOT;13094;10;13090;23;;;13111;15;13114;30;;;13102;0.0
1;102300;INTARIAN_PEPPER_ROOT;13094;15;;;;;13110;12;13104;20;;;13102;0.0
1;102400;INTARIAN_PEPPER_ROOT;;;;;;;13109;10;13112;20;;;13101;0.0
1;102500;INTARIAN_PEPPER_ROOT;13094;14;13092;21;;;13110;11;13114;28;;;13102;0.0
1;102600;INTARIAN_PEPPER_ROOT;13094;13;;;;;13104;5;;;;;13102;0.0
1;102700;INTARIAN_PEPPER_ROOT;13086;10;;;;;13102;13;13104;27;;;13094;0.0
1;102800;INTARIAN_PEPPER_ROOT;13093;10;;;;;13111;12;;;;;13103;0.0
1;102900;INTARIAN_PEPPER_ROOT;13084;13;13083;20;;;13101;13;;;;;13093;0.0
1;103000;INTARIAN_PEPPER_ROOT;13092;10;13091;23;;;13109;11;;;;;13100;0.0
1;103100;INTARIAN_PEPPER_ROOT;13082;28;13081;30;;;13100;10;;;;;13092;0.0
1;103200;INTARIAN_PEPPER_ROOT;13090;26;;;;;;;;;;;13099;0.0
1;103300;INTARIAN_PEPPER_ROOT;13092;13;13090;21;;;13109;13;13113;30;;;13101;0.0
1;103400;INTARIAN_PEPPER_ROOT;13092;20;13088;28;;;13106;10;13108;24;;;13098;0.0
1;103500;INTARIAN_PEPPER_ROOT;13100;15;13090;12;;;13111;15;13113;22;;;13103;0.0
1;103600;INTARIAN_PEPPER_ROOT;13093;5;13088;20;;;13107;14;13109;20;;;13099;0.0
1;103700;INTARIAN_PEPPER_ROOT;13092;10;13088;25;;;13108;13;;;;;13100;0.0
1;103800;INTARIAN_PEPPER_ROOT;13094;13;;;;;13110;10;;;;;13102;0.0
1;103900;INTARIAN_PEPPER_ROOT;13095;14;;;;;13111;14;;;;;13103;0.0
1;104000;INTARIAN_PEPPER_ROOT;13096;10;;;;;13115;27;13116;24;;;13105;0.0
1;104100;INTARIAN_PEPPER_ROOT;13095;11;13093;22;;;13112;13;13115;23;;;13104;0.0
1;104200;INTARIAN_PEPPER_ROOT;13096;28;13095;20;;;13113;14;13114;27;13118;23;13105;0.0
1;104300;INTARIAN_PEPPER_ROOT;13098;11;13095;26;;;13111;15;13117;29;;;13106;0.0
1;104400;INTARIAN_PEPPER_ROOT;13089;10;13086;22;;;13105;12;13109;25;;;13097;0.0
1;104500;INTARIAN_PEPPER_ROOT;13099;25;;;;;13114;27;13115;30;;;13105;0.0
1;104600;INTARIAN_PEPPER_ROOT;13087;15;13085;20;;;13103;11;;;;;13095;0.0
1;104700;INTARIAN_PEPPER_ROOT;13085;12;13082;28;;;13101;12;13103;28;;;13093;0.0
1;104800;INTARIAN_PEPPER_ROOT;13095;30;13093;22;;;13108;3;;;;;13104;0.0
1;104900;INTARIAN_PEPPER_ROOT;13095;12;;;;;13111;14;13114;27;;;13103;0.0
1;105000;INTARIAN_PEPPER_ROOT;13092;22;13092;26;;;13111;13;13114;21;;;13103;0.0
1;105100;INTARIAN_PEPPER_ROOT;13093;30;13092;30;;;13111;15;13114;21;;;13103;0.0
1;105200;INTARIAN_PEPPER_ROOT;13092;15;13088;23;;;13108;10;13110;21;;;13100;0.0
1;105300;INTARIAN_PEPPER_ROOT;13099;11;;;;;13115;14;13117;20;;;13107;0.0
1;105400;INTARIAN_PEPPER_ROOT;13098;12;;;;;13115;14;13118;23;;;13106;0.0
1;105500;INTARIAN_PEPPER_ROOT;13095;12;13093;22;;;13111;13;;;;;13103;0.0
1;105600;INTARIAN_PEPPER_ROOT;13095;14;13092;29;;;13111;12;;;;;13103;0.0
1;105700;INTARIAN_PEPPER_ROOT;13101;11;13094;11;;;13114;28;13116;26;;;13104;0.0
1;105800;INTARIAN_PEPPER_ROOT;13094;13;13091;21;;;;;;;;;13102;0.0
1;105900;INTARIAN_PEPPER_ROOT;;;;;;;13112;20;13115;26;;;13103;0.0
1;106000;INTARIAN_PEPPER_ROOT;13085;29;13085;29;;;13104;11;13106;24;;;13095;0.0
1;106100;INTARIAN_PEPPER_ROOT;13093;14;;;;;;;;;;;13101;0.0
1;106200;INTARIAN_PEPPER_ROOT;13087;30;13094;28;;;13104;15;13102;26;;;13096;0.0
1;106300;INTARIAN_PEPPER_ROOT;13094;14;13093;27;;;13111;10;13112;21;;;13103;0.0
1;106400;INTARIAN_PEPPER_ROOT;13094;10;;;;;;;;;;;13102;0.0
1;106500;INTARIAN_PEPPER_ROOT;13098;14;13092;28;;;13103;10;13105;23;;;13103;0.0
1;106600;INTARIAN_PEPPER_ROOT;13095;29;13094;21;;;13112;11;;;;;13104;0.0
1;106700;INTARIAN_PEPPER_ROOT;13096;14;;;;;13112;12;13117;24;;;13104;0.0
1;106800;INTARIAN_PEPPER_ROOT;13089;15;13086;30;;;13105;15;13107;24;;;13097;0.0
1;106900;INTARIAN_PEPPER_ROOT;13096;11;13092;23;;;13112;11;13115;23;;;13104;0.0
1;107000;INTARIAN_PEPPER_ROOT;13093;13;13092;24;13087;22;13110;13;13111;29;;;13102;0.0
1;107100;INTARIAN_PEPPER_ROOT;13096;12;13089;21;;;13109;13;;;;;13104;0.0
1;107200;INTARIAN_PEPPER_ROOT;13097;11;13094;23;;;13113;11;13116;11;;;13105;0.0
1;107300;INTARIAN_PEPPER_ROOT;13098;10;13103;23;;;13115;23;13116;26;;;13106;0.0
1;107400;INTARIAN_PEPPER_ROOT;13096;11;;;;;13112;15;;;;;13104;0.0
1;107500;INTARIAN_PEPPER_ROOT;13093;13;13090;14;;;13110;11;13113;15;;;13101;0.0
1;107600;INTARIAN_PEPPER_ROOT;13101;14;13093;26;;;13107;12;13118;12;;;13104;0.0
1;107700;INTARIAN_PEPPER_ROOT;13096;10;13093;25;;;13112;10;;;;;13104;0.0
1;107800;INTARIAN_PEPPER_ROOT;13099;12;;;;;13117;21;;;;;13108;0.0
1;107900;INTARIAN_PEPPER_ROOT;13089;30;13091;21;;;13098;12;13109;22;;;13098;0.0
1;108000;INTARIAN_PEPPER_ROOT;13092;13;13088;30;;;13108;12;13110;27;;;13100;0.0
1;108100;INTARIAN_PEPPER_ROOT;13108;10;13097;27;;;13117;23;;;;;13108;0.0
1;108200;INTARIAN_PEPPER_ROOT;13103;15;13100;28;;;13119;10;;;;;13111;0.0
1;108300;INTARIAN_PEPPER_ROOT;13090;13;13087;21;;;13101;12;13100;28;;;13098;0.0
1;108400;INTARIAN_PEPPER_ROOT;13090;13;;;;;13106;10;13101;28;;;13098;0.0
1;108500;INTARIAN_PEPPER_ROOT;13100;13;13097;24;;;13116;12;13111;28;;;13108;0.0
1;108600;INTARIAN_PEPPER_ROOT;13100;12;13096;20;;;13115;15;13123;11;;;13108;0.0
1;108700;INTARIAN_PEPPER_ROOT;13103;13;13094;25;;;13114;14;;;;;13106;0.0
1;108800;INTARIAN_PEPPER_ROOT;13099;4;13095;21;;;13109;4;;;;;13105;0.0
1;108900;INTARIAN_PEPPER_ROOT;13101;13;13097;21;;;;;;;;;13109;0.0
1;109000;INTARIAN_PEPPER_ROOT;13090;12;13087;30;;;13106;10;;;;;13098;0.0
1;109100;INTARIAN_PEPPER_ROOT;13103;14;13100;22;;;13121;22;13121;27;;;13111;0.0
1;109200;INTARIAN_PEPPER_ROOT;13101;14;13098;23;;;13117;12;13121;29;;;13109;0.0
1;109300;INTARIAN_PEPPER_ROOT;13105;14;13103;22;;;13121;12;13125;29;;;13113;0.0
1;109400;INTARIAN_PEPPER_ROOT;13089;14;13083;26;13084;27;13106;20;;;;;13098;0.0
1;109500;INTARIAN_PEPPER_ROOT;13097;15;13095;24;;;13113;11;13118;10;;;13105;0.0
1;109600;INTARIAN_PEPPER_ROOT;13104;13;13098;27;;;13117;13;13120;27;;;13109;0.0
1;109700;INTARIAN_PEPPER_ROOT;13100;13;;;;;13116;10;13118;23;;;13108;0.0
1;109800;INTARIAN_PEPPER_ROOT;13102;11;;;;;13118;12;13120;27;;;13110;0.0
1;109900;INTARIAN_PEPPER_ROOT;13099;14;13105;25;;;13115;15;13120;13;;;13107;0.0
1;110000;INTARIAN_PEPPER_ROOT;13096;13;13093;24;;;13114;14;;;;;13105;0.0
1;110100;INTARIAN_PEPPER_ROOT;13103;13;13100;20;;;13119;11;;;;;13111;0.0
1;110200;INTARIAN_PEPPER_ROOT;13094;22;;;;;13113;22;;;;;13104;0.0
1;110300;INTARIAN_PEPPER_ROOT;13093;14;13090;10;;;13110;12;;;;;13101;0.0
1;110400;INTARIAN_PEPPER_ROOT;13100;15;;;;;13117;11;13119;30;;;13108;0.0
1;110500;INTARIAN_PEPPER_ROOT;13102;14;;;;;13120;28;13122;26;;;13110;0.0
1;110600;INTARIAN_PEPPER_ROOT;13099;14;;;;;13115;10;13117;23;;;13107;0.0
1;110700;INTARIAN_PEPPER_ROOT;13105;12;13102;21;;;13121;12;;;;;13113;0.0
1;110800;INTARIAN_PEPPER_ROOT;;;;;;;13115;10;;;;;13107;0.0
1;110900;INTARIAN_PEPPER_ROOT;13103;14;13100;23;;;13119;13;13122;23;;;13111;0.0
1;111000;INTARIAN_PEPPER_ROOT;13095;15;13091;29;13089;20;13111;11;13114;29;;;13103;0.0
1;111100;INTARIAN_PEPPER_ROOT;13102;5;13096;23;;;13116;10;;;;;13108;0.0
1;111200;INTARIAN_PEPPER_ROOT;13106;11;13096;22;;;13112;13;13117;25;;;13106;0.0
1;111300;INTARIAN_PEPPER_ROOT;13101;13;13098;25;;;13109;22;13119;24;;;13109;0.0
1;111400;INTARIAN_PEPPER_ROOT;13108;10;13103;24;;;13121;15;;;;;13113;0.0
1;111500;INTARIAN_PEPPER_ROOT;13097;12;13089;11;;;13108;12;13111;25;;;13100;0.0
1;111600;INTARIAN_PEPPER_ROOT;13102;12;;;;;13121;12;13121;21;;;13111;0.0
1;111700;INTARIAN_PEPPER_ROOT;13101;14;13098;21;;;13117;10;;;;;13109;0.0
1;111800;INTARIAN_PEPPER_ROOT;13102;12;;;;;13120;21;13113;28;;;13110;0.0
1;111900;INTARIAN_PEPPER_ROOT;13104;13;;;;;13117;12;;;;;13109;0.0
1;112000;INTARIAN_PEPPER_ROOT;13103;10;13098;20;;;13114;7;;;;;13111;0.0
1;112100;INTARIAN_PEPPER_ROOT;13096;11;13093;29;;;13112;11;;;;;13104;0.0
1;112200;INTARIAN_PEPPER_ROOT;13113;11;;;;;13121;14;13123;27;;;13113;0.0
1;112300;INTARIAN_PEPPER_ROOT;13106;4;;;;;13118;3;13123;23;;;13112;0.0
1;112400;INTARIAN_PEPPER_ROOT;13105;13;;;;;13121;10;13124;12;;;13113;0.0
1;112500;INTARIAN_PEPPER_ROOT;13100;14;;;;;13116;15;;;;;13108;0.0
1;112600;INTARIAN_PEPPER_ROOT;13108;8;;;;;13120;13;13124;30;;;13112;0.0
1;112700;INTARIAN_PEPPER_ROOT;13104;12;13102;26;;;13124;24;;;;;13114;0.0
1;112800;INTARIAN_PEPPER_ROOT;13095;14;;;;;13112;26;13115;21;;;13103;0.0
1;112900;INTARIAN_PEPPER_ROOT;13112;15;;;;;13123;14;13127;29;13128;30;13115;0.0
1;113000;INTARIAN_PEPPER_ROOT;13103;13;13102;29;;;13121;15;13124;20;;;13113;0.0
1;113100;INTARIAN_PEPPER_ROOT;13100;14;13097;20;;;13116;11;13118;25;;;13108;0.0
1;113200;INTARIAN_PEPPER_ROOT;13093;13;;;;;13109;11;13111;22;;;13101;0.0
1;113300;INTARIAN_PEPPER_ROOT;13104;12;;;;;13120;14;13123;20;;;13112;0.0
1;113400;INTARIAN_PEPPER_ROOT;13100;10;;;;;13118;12;13121;12;;;13110;0.0
1;113500;INTARIAN_PEPPER_ROOT;13103;5;13098;21;;;13117;13;13120;21;;;13109;0.0
1;113600;INTARIAN_PEPPER_ROOT;13095;26;13093;21;;;13113;13;;;;;13104;0.0
1;113700;INTARIAN_PEPPER_ROOT;13106;20;;;;;13120;15;13123;23;;;13112;0.0
1;113800;INTARIAN_PEPPER_ROOT;13104;10;13103;10;;;13122;13;13126;23;;;13114;0.0
1;113900;INTARIAN_PEPPER_ROOT;13104;5;13098;29;;;13117;10;;;;;13109;0.0
1;114000;INTARIAN_PEPPER_ROOT;13105;15;;;;;13121;11;;;;;13113;0.0
1;114100;INTARIAN_PEPPER_ROOT;13108;14;;;;;13125;11;13127;30;;;13116;0.0
1;114200;INTARIAN_PEPPER_ROOT;13101;10;13099;28;;;13120;25;;;;;13111;0.0
1;114300;INTARIAN_PEPPER_ROOT;13102;13;;;;;13116;12;13121;27;;;13110;0.0
1;114400;INTARIAN_PEPPER_ROOT;13105;14;;;;;13121;14;13121;27;;;13113;0.0
1;114500;INTARIAN_PEPPER_ROOT;13102;11;13099;23;;;13118;10;13121;22;;;13110;0.0
1;114600;INTARIAN_PEPPER_ROOT;13100;10;13098;24;;;13117;14;;;;;13109;0.0
1;114700;INTARIAN_PEPPER_ROOT;13110;5;13105;29;;;13120;5;13125;27;;;13115;0.0
1;114800;INTARIAN_PEPPER_ROOT;;;;;;;13123;11;13125;22;;;13115;0.0
1;114900;INTARIAN_PEPPER_ROOT;13101;15;13099;28;;;13115;2;;;;;13110;0.0
1;115000;INTARIAN_PEPPER_ROOT;;;;;;;;;;;;;13105;0.0
1;115100;INTARIAN_PEPPER_ROOT;13096;25;13095;25;;;13108;10;13116;26;;;13105;0.0
1;115200;INTARIAN_PEPPER_ROOT;13110;10;13108;27;;;13118;14;13135;30;;;13118;0.0
1;115300;INTARIAN_PEPPER_ROOT;13108;10;;;;;13126;26;;;;;13116;0.0
1;115400;INTARIAN_PEPPER_ROOT;13096;13;;;;;13112;11;;;;;13104;0.0
1;115500;INTARIAN_PEPPER_ROOT;13102;15;13098;12;;;13118;11;13120;28;;;13110;0.0
1;115600;INTARIAN_PEPPER_ROOT;13106;15;13101;24;;;13119;15;;;;;13111;0.0
1;115700;INTARIAN_PEPPER_ROOT;13107;14;13105;21;;;13124;22;13125;26;;;13115;0.0
1;115800;INTARIAN_PEPPER_ROOT;13107;14;13105;28;;;13123;12;;;;;13115;0.0
1;115900;INTARIAN_PEPPER_ROOT;13101;23;;;;;13115;15;13122;21;;;13111;0.0
1;116000;INTARIAN_PEPPER_ROOT;13095;13;;;;;13114;13;;;;;13105;0.0
1;116100;INTARIAN_PEPPER_ROOT;13100;13;;;;;13117;13;;;;;13108;0.0
1;116200;INTARIAN_PEPPER_ROOT;13107;12;13105;26;;;13123;13;13117;28;;;13115;0.0
1;116300;INTARIAN_PEPPER_ROOT;13105;13;;;;;13122;11;13124;26;;;13113;0.0
1;116400;INTARIAN_PEPPER_ROOT;13108;14;13104;13;;;13124;12;;;;;13116;0.0
1;116500;INTARIAN_PEPPER_ROOT;13104;25;13103;20;;;13121;15;13123;22;;;13113;0.0
1;116600;INTARIAN_PEPPER_ROOT;13103;27;13109;20;;;13118;5;13125;21;;;13114;0.0
1;116700;INTARIAN_PEPPER_ROOT;13105;12;13102;20;;;13116;13;13125;20;;;13113;0.0
1;116800;INTARIAN_PEPPER_ROOT;13104;13;;;;;13112;13;13124;23;;;13112;0.0
1;116900;INTARIAN_PEPPER_ROOT;13097;29;;;;;13117;14;;;;;13107;0.0
1;117000;INTARIAN_PEPPER_ROOT;13097;15;13093;28;;;13113;11;;;;;13105;0.0
1;117100;INTARIAN_PEPPER_ROOT;13109;14;;;;;13126;10;13127;29;;;13117;0.0
1;117200;INTARIAN_PEPPER_ROOT;13110;10;13108;21;;;13126;11;13128;20;;;13118;0.0
1;117300;INTARIAN_PEPPER_ROOT;13109;15;13104;25;;;13122;12;13125;29;;;13114;0.0
1;117400;INTARIAN_PEPPER_ROOT;13109;12;;;;;13125;13;13119;23;;;13117;0.0
1;117500;INTARIAN_PEPPER_ROOT;;;;;;;13123;11;;;;;13115;0.0
1;117600;INTARIAN_PEPPER_ROOT;13098;15;13102;27;;;13116;13;13118;21;;;13108;0.0
1;117700;INTARIAN_PEPPER_ROOT;13100;30;;;;;13117;14;13119;27;;;13109;0.0
1;117800;INTARIAN_PEPPER_ROOT;13108;10;13107;24;;;13125;14;13128;29;;;13117;0.0
1;117900;INTARIAN_PEPPER_ROOT;13098;11;13101;12;;;13114;13;;;;;13106;0.0
1;118000;INTARIAN_PEPPER_ROOT;13105;10;;;;;13113;12;13124;23;;;13113;0.0
1;118100;INTARIAN_PEPPER_ROOT;13110;14;13108;26;;;13127;10;13130;22;13133;25;13118;0.0
1;118200;INTARIAN_PEPPER_ROOT;13104;30;;;;;13121;12;;;;;13113;0.0
1;118300;INTARIAN_PEPPER_ROOT;13108;28;13107;21;;;13128;13;13128;30;;;13118;0.0
1;118400;INTARIAN_PEPPER_ROOT;13102;14;13097;29;;;13118;10;13120;27;;;13110;0.0
1;118500;INTARIAN_PEPPER_ROOT;13111;12;;;;;13128;22;13132;28;;;13120;0.0
1;118600;INTARIAN_PEPPER_ROOT;13099;30;;;;;13116;14;;;;;13108;0.0
1;118700;INTARIAN_PEPPER_ROOT;13108;14;13107;21;;;13125;11;;;;;13117;0.0
1;118800;INTARIAN_PEPPER_ROOT;13109;10;;;;;13126;10;13129;27;;;13118;0.0
1;118900;INTARIAN_PEPPER_ROOT;13104;10;13101;10;;;13121;27;13124;23;;;13112;0.0
1;119000;INTARIAN_PEPPER_ROOT;13110;14;13115;30;;;13126;13;13128;29;13131;24;13118;0.0
1;119100;INTARIAN_PEPPER_ROOT;13099;13;13097;21;;;13115;14;;;;;13107;0.0
1;119200;INTARIAN_PEPPER_ROOT;13106;14;13109;21;;;13123;15;13127;28;;;13114;0.0
1;119300;INTARIAN_PEPPER_ROOT;13100;14;13097;23;;;13116;14;13119;20;;;13108;0.0
1;119400;INTARIAN_PEPPER_ROOT;13110;11;13106;21;;;13126;11;13128;21;;;13118;0.0
1;119500;INTARIAN_PEPPER_ROOT;13104;15;13102;30;;;13120;10;;;;;13112;0.0
1;119600;INTARIAN_PEPPER_ROOT;13111;10;13108;20;;;13127;11;;;;;13119;0.0
1;119700;INTARIAN_PEPPER_ROOT;13110;11;13108;29;;;13126;11;;;;;13118;0.0
1;119800;INTARIAN_PEPPER_ROOT;13112;13;13114;20;;;13128;14;13134;29;;;13120;0.0
1;119900;INTARIAN_PEPPER_ROOT;13111;13;;;;;13127;12;13129;25;;;13119;0.0
1;120000;INTARIAN_PEPPER_ROOT;13108;2;13097;20;;;13116;11;13120;27;;;13108;0.0
1;120100;INTARIAN_PEPPER_ROOT;13110;29;13109;14;;;;;;;;;13119;0.0
1;120200;INTARIAN_PEPPER_ROOT;13107;15;13106;23;;;13126;24;;;;;13117;0.0
1;120300;INTARIAN_PEPPER_ROOT;13110;10;;;;;13127;13;13120;24;;;13118;0.0
1;120400;INTARIAN_PEPPER_ROOT;13104;13;13109;22;;;;;;;;;13112;0.0
1;120500;INTARIAN_PEPPER_ROOT;13115;26;;;;;13123;15;;;;;13115;0.0
1;120600;INTARIAN_PEPPER_ROOT;13111;10;13116;28;;;13127;12;;;;;13119;0.0
1;120700;INTARIAN_PEPPER_ROOT;13101;10;;;;;13117;15;13120;26;;;13109;0.0
1;120800;INTARIAN_PEPPER_ROOT;13113;4;;;;;13122;8;13130;30;;;13119;0.0
1;120900;INTARIAN_PEPPER_ROOT;13112;20;13112;27;;;13131;30;;;;;13122;0.0
1;121000;INTARIAN_PEPPER_ROOT;13112;24;13110;22;;;13132;29;;;;;13121;0.0
1;121100;INTARIAN_PEPPER_ROOT;13111;11;;;;;13129;25;13129;22;;;13119;0.0
1;121200;INTARIAN_PEPPER_ROOT;13111;10;13105;13;;;13128;28;13132;26;;;13120;0.0
1;121300;INTARIAN_PEPPER_ROOT;13101;12;13098;24;;;;;;;;;13109;0.0
1;121400;INTARIAN_PEPPER_ROOT;13111;10;13110;28;;;13128;12;13129;26;;;13120;0.0
1;121500;INTARIAN_PEPPER_ROOT;13105;13;;;;;;;;;;;13113;0.0
1;121600;INTARIAN_PEPPER_ROOT;13116;13;13113;21;;;13132;12;13134;24;;;13124;0.0
1;121700;INTARIAN_PEPPER_ROOT;13114;30;13112;21;;;13132;12;13136;30;;;13124;0.0
1;121800;INTARIAN_PEPPER_ROOT;13109;10;13105;24;;;13126;15;13129;24;;;13117;0.0
1;121900;INTARIAN_PEPPER_ROOT;13112;12;13109;23;;;13129;12;13131;25;;;13121;0.0
1;122000;INTARIAN_PEPPER_ROOT;13103;22;;;;;13122;10;;;;;13114;0.0
1;122100;INTARIAN_PEPPER_ROOT;13117;12;;;;;13134;23;;;;;13125;0.0
1;122200;INTARIAN_PEPPER_ROOT;13116;3;13105;22;;;;;;;;;13116;0.0
1;122300;INTARIAN_PEPPER_ROOT;13110;12;13109;25;;;13128;10;;;;;13119;0.0
1;122400;INTARIAN_PEPPER_ROOT;13123;13;13120;27;;;13139;13;13142;30;;;13131;0.0
1;122500;INTARIAN_PEPPER_ROOT;13115;14;13120;29;;;13131;10;13133;20;13136;29;13123;0.0
1;122600;INTARIAN_PEPPER_ROOT;13112;14;13110;29;;;13128;14;13132;28;;;13120;0.0
1;122700;INTARIAN_PEPPER_ROOT;13107;3;13103;29;;;13121;15;13124;22;;;13113;0.0
1;122800;INTARIAN_PEPPER_ROOT;13105;12;13103;20;;;13121;13;13123;20;;;13113;0.0
1;122900;INTARIAN_PEPPER_ROOT;13109;14;13102;22;;;13123;23;;;;;13113;0.0
1;123000;INTARIAN_PEPPER_ROOT;13112;10;;;;;13130;25;;;;;13121;0.0
1;123100;INTARIAN_PEPPER_ROOT;13113;15;;;;;13130;14;;;;;13122;0.0
1;123200;INTARIAN_PEPPER_ROOT;13107;13;;;;;13123;11;13125;30;;;13115;0.0
1;123300;INTARIAN_PEPPER_ROOT;13114;10;13111;10;;;13133;30;13134;27;;;13124;0.0
1;123400;INTARIAN_PEPPER_ROOT;13114;10;13113;30;;;13131;15;;;;;13123;0.0
1;123500;INTARIAN_PEPPER_ROOT;13117;26;;;;;13133;10;13137;28;13139;30;13125;0.0
1;123600;INTARIAN_PEPPER_ROOT;13112;11;;;;;13128;15;;;;;13120;0.0
1;123700;INTARIAN_PEPPER_ROOT;13113;14;;;;;13129;10;13131;20;;;13121;0.0
1;123800;INTARIAN_PEPPER_ROOT;13116;11;13113;22;;;13132;12;13136;24;;;13124;0.0
1;123900;INTARIAN_PEPPER_ROOT;13116;11;13105;26;;;13124;15;;;;;13116;0.0
1;124000;INTARIAN_PEPPER_ROOT;13111;20;13109;24;;;13128;13;13130;24;;;13120;0.0
1;124100;INTARIAN_PEPPER_ROOT;13112;14;13109;27;;;13129;14;13131;28;;;13120;0.0
1;124200;INTARIAN_PEPPER_ROOT;13114;29;13113;29;;;13132;15;13134;26;;;13124;0.0
1;124300;INTARIAN_PEPPER_ROOT;13116;12;13112;27;;;13124;14;13134;25;;;13124;0.0
1;124400;INTARIAN_PEPPER_ROOT;13111;13;;;;;13129;28;;;;;13119;0.0
1;124500;INTARIAN_PEPPER_ROOT;13116;11;13113;27;;;13134;10;;;;;13124;0.0
1;124600;INTARIAN_PEPPER_ROOT;13105;14;13103;27;13097;20;13123;14;13125;21;;;13113;0.0
1;124700;INTARIAN_PEPPER_ROOT;13112;10;;;;;;;;;;;13121;0.0
1;124800;INTARIAN_PEPPER_ROOT;13112;10;;;;;13121;15;13132;24;;;13120;0.0
1;124900;INTARIAN_PEPPER_ROOT;13113;12;13111;24;;;13126;2;13131;27;;;13121;0.0
1;125000;INTARIAN_PEPPER_ROOT;13120;13;13109;30;;;13129;12;13131;26;;;13121;0.0
1;125100;INTARIAN_PEPPER_ROOT;13118;13;;;;;13132;14;;;;;13126;0.0
1;125200;INTARIAN_PEPPER_ROOT;13118;11;13117;25;;;13135;13;13137;23;;;13127;0.0
1;125300;INTARIAN_PEPPER_ROOT;13114;10;;;;;13130;11;13132;25;;;13122;0.0
1;125400;INTARIAN_PEPPER_ROOT;13112;10;13108;23;;;13128;13;13130;20;;;13120;0.0
1;125500;INTARIAN_PEPPER_ROOT;13114;11;13111;22;;;13131;22;13133;28;;;13122;0.0
1;125600;INTARIAN_PEPPER_ROOT;13118;29;;;;;13136;15;13137;29;;;13127;0.0
1;125700;INTARIAN_PEPPER_ROOT;13108;10;;;;;13124;13;13127;26;;;13116;0.0
1;125800;INTARIAN_PEPPER_ROOT;13114;14;13110;25;;;13130;10;13134;15;;;13122;0.0
1;125900;INTARIAN_PEPPER_ROOT;13112;12;13110;26;;;13129;13;13130;27;;;13120;0.0
1;126000;INTARIAN_PEPPER_ROOT;13108;14;13106;10;;;13125;15;13126;22;;;13116;0.0
1;126100;INTARIAN_PEPPER_ROOT;13114;11;;;;;13130;14;13132;26;;;13122;0.0
1;126200;INTARIAN_PEPPER_ROOT;13116;10;;;;;13132;11;13134;26;;;13124;0.0
1;126300;INTARIAN_PEPPER_ROOT;13116;11;13122;20;;;13132;10;13136;22;;;13124;0.0
1;126400;INTARIAN_PEPPER_ROOT;13116;27;13115;20;13111;26;13136;12;13137;20;;;13126;0.0
1;126500;INTARIAN_PEPPER_ROOT;13114;13;13112;30;;;13131;11;;;;;13123;0.0
1;126600;INTARIAN_PEPPER_ROOT;13113;23;;;;;13132;11;13136;20;;;13124;0.0
1;126700;INTARIAN_PEPPER_ROOT;13107;10;13104;26;;;13125;13;;;;;13115;0.0
1;126800;INTARIAN_PEPPER_ROOT;13118;11;;;;;13134;12;13138;24;;;13126;0.0
1;126900;INTARIAN_PEPPER_ROOT;13114;27;13111;22;;;13128;12;13135;20;;;13123;0.0
1;127000;INTARIAN_PEPPER_ROOT;13121;12;;;;;13137;15;13139;21;;;13129;0.0
1;127100;INTARIAN_PEPPER_ROOT;13120;12;13117;29;;;13137;13;13138;26;;;13128;0.0
1;127200;INTARIAN_PEPPER_ROOT;13117;21;;;;;13137;20;13138;22;;;13128;0.0
1;127300;INTARIAN_PEPPER_ROOT;13118;13;;;;;13137;27;;;;;13127;0.0
1;127400;INTARIAN_PEPPER_ROOT;13114;14;;;;;13131;22;13132;25;;;13122;0.0
1;127500;INTARIAN_PEPPER_ROOT;13119;10;13114;10;;;13135;11;13137;30;;;13127;0.0
1;127600;INTARIAN_PEPPER_ROOT;13110;12;13107;23;;;13126;11;13128;24;;;13118;0.0
1;127700;INTARIAN_PEPPER_ROOT;13108;10;13106;15;;;13124;14;13126;21;;;13116;0.0
1;127800;INTARIAN_PEPPER_ROOT;13113;8;13106;30;;;13125;11;13124;29;13130;21;13116;0.0
1;127900;INTARIAN_PEPPER_ROOT;13107;13;13109;27;;;13124;10;13128;28;;;13116;0.0
1;128000;INTARIAN_PEPPER_ROOT;13123;12;;;;;13136;10;13139;21;;;13128;0.0
1;128100;INTARIAN_PEPPER_ROOT;13115;14;;;;;13131;15;13133;20;;;13123;0.0
1;128200;INTARIAN_PEPPER_ROOT;13118;3;13113;24;;;13133;14;13136;30;;;13125;0.0
1;128300;INTARIAN_PEPPER_ROOT;13108;15;;;;;13122;3;13120;23;;;13117;0.0
1;128400;INTARIAN_PEPPER_ROOT;13122;15;;;;;13140;20;13140;20;;;13130;0.0
1;128500;INTARIAN_PEPPER_ROOT;13116;11;13113;22;;;13132;11;;;;;13124;0.0
1;128600;INTARIAN_PEPPER_ROOT;13119;30;;;;;13129;13;13141;23;13144;22;13129;0.0
1;128700;INTARIAN_PEPPER_ROOT;13108;14;;;;;13126;10;13129;30;;;13117;0.0
1;128800;INTARIAN_PEPPER_ROOT;13116;4;;;;;13129;10;;;;;13121;0.0
1;128900;INTARIAN_PEPPER_ROOT;13110;14;13106;30;;;13127;25;;;;;13118;0.0
1;129000;INTARIAN_PEPPER_ROOT;13109;12;13106;21;13104;30;13125;14;13127;25;;;13117;0.0
1;129100;INTARIAN_PEPPER_ROOT;;;;;;;13131;12;;;;;13123;0.0
1;129200;INTARIAN_PEPPER_ROOT;13120;13;;;;;13136;10;;;;;13128;0.0
1;129300;INTARIAN_PEPPER_ROOT;13119;14;13117;21;;;13135;15;13138;23;;;13127;0.0
1;129400;INTARIAN_PEPPER_ROOT;13120;11;13117;21;;;13136;12;;;;;13128;0.0
1;129500;INTARIAN_PEPPER_ROOT;13110;14;;;;;13122;5;13128;24;;;13118;0.0
1;129600;INTARIAN_PEPPER_ROOT;13111;11;13112;21;;;13130;30;13130;28;;;13119;0.0
1;129700;INTARIAN_PEPPER_ROOT;13121;12;13119;26;;;13140;30;13139;23;;;13129;0.0
1;129800;INTARIAN_PEPPER_ROOT;13112;14;13110;25;;;13129;13;13130;30;;;13120;0.0
1;129900;INTARIAN_PEPPER_ROOT;13123;13;;;;;13139;11;13143;22;;;13131;0.0
1;130000;INTARIAN_PEPPER_ROOT;13115;12;13122;27;;;13133;11;13138;14;;;13125;0.0
1;130100;INTARIAN_PEPPER_ROOT;13121;21;;;;;13139;30;;;;;13130;0.0
1;130200;INTARIAN_PEPPER_ROOT;13126;21;13120;23;13115;26;13134;5;13140;21;;;13130;0.0
1;130300;INTARIAN_PEPPER_ROOT;13123;24;13121;29;;;13140;14;;;;;13132;0.0
1;130400;INTARIAN_PEPPER_ROOT;13112;14;;;;;13130;27;13132;14;;;13120;0.0
1;130500;INTARIAN_PEPPER_ROOT;13119;11;13118;30;;;13133;10;13138;25;13144;26;13128;0.0
1;130600;INTARIAN_PEPPER_ROOT;13118;27;;;;;13130;11;13138;25;;;13126;0.0
1;130700;INTARIAN_PEPPER_ROOT;13126;11;13122;22;;;13143;11;13144;22;;;13134;0.0
1;130800;INTARIAN_PEPPER_ROOT;13113;10;13109;28;;;13124;8;;;;;13121;0.0
1;130900;INTARIAN_PEPPER_ROOT;13120;10;13118;11;;;13135;3;13140;20;;;13129;0.0
1;131000;INTARIAN_PEPPER_ROOT;13123;14;;;;;13139;13;13133;26;;;13131;0.0
1;131100;INTARIAN_PEPPER_ROOT;13118;11;;;;;13135;24;13137;27;;;13126;0.0
1;131200;INTARIAN_PEPPER_ROOT;13116;2;13109;29;;;13129;13;;;;;13121;0.0
1;131300;INTARIAN_PEPPER_ROOT;13119;15;;;;;13136;12;13137;25;;;13128;0.0
1;131400;INTARIAN_PEPPER_ROOT;13121;10;13118;29;;;13137;15;;;;;13129;0.0
1;131500;INTARIAN_PEPPER_ROOT;13120;14;13119;21;;;13135;3;;;;;13129;0.0
1;131600;INTARIAN_PEPPER_ROOT;13128;12;;;;;13136;14;13138;22;;;13128;0.0
1;131700;INTARIAN_PEPPER_ROOT;13124;11;13122;28;;;13140;13;13134;30;;;13132;0.0
1;131800;INTARIAN_PEPPER_ROOT;13119;13;;;;;13136;11;13139;11;;;13128;0.0
1;131900;INTARIAN_PEPPER_ROOT;13122;11;13120;26;;;13138;10;13141;22;;;13130;0.0
1;132000;INTARIAN_PEPPER_ROOT;13111;14;;;;;13128;14;13132;12;;;13120;0.0
1;132100;INTARIAN_PEPPER_ROOT;13113;12;;;;;13129;13;13132;30;;;13121;0.0
1;132200;INTARIAN_PEPPER_ROOT;13112;10;13110;10;;;;;;;;;13120;0.0
1;132300;INTARIAN_PEPPER_ROOT;13122;14;;;;;13138;14;;;;;13130;0.0
1;132400;INTARIAN_PEPPER_ROOT;13121;13;13118;21;;;13137;14;13139;23;;;13129;0.0
1;132500;INTARIAN_PEPPER_ROOT;13125;26;13123;23;;;13142;15;;;;;13134;0.0
1;132600;INTARIAN_PEPPER_ROOT;13122;28;13121;27;;;13136;10;;;;;13131;0.0
1;132700;INTARIAN_PEPPER_ROOT;13122;15;13120;30;;;13139;13;;;;;13131;0.0
1;132800;INTARIAN_PEPPER_ROOT;13123;14;13121;12;;;13141;14;13142;30;;;13132;0.0
1;132900;INTARIAN_PEPPER_ROOT;13120;12;13117;22;;;13131;8;13138;30;;;13128;0.0
1;133000;INTARIAN_PEPPER_ROOT;13114;26;13112;21;;;13131;11;13134;29;;;13123;0.0
1;133100;INTARIAN_PEPPER_ROOT;13123;10;13117;28;;;13137;30;13138;20;;;13128;0.0
1;133200;INTARIAN_PEPPER_ROOT;13127;11;13125;23;;;13143;11;13145;24;13150;26;13135;0.0
1;133300;INTARIAN_PEPPER_ROOT;13115;14;13113;24;;;13132;10;;;;;13123;0.0
1;133400;INTARIAN_PEPPER_ROOT;13125;14;;;;;13143;12;13144;26;;;13134;0.0
1;133500;INTARIAN_PEPPER_ROOT;13127;10;13123;26;;;13143;13;;;;;13135;0.0
1;133600;INTARIAN_PEPPER_ROOT;13123;10;;;;;13132;10;13143;21;;;13131;0.0
1;133700;INTARIAN_PEPPER_ROOT;13115;12;13112;28;;;13131;15;13133;22;;;13123;0.0
1;133800;INTARIAN_PEPPER_ROOT;13128;5;13127;24;;;;;;;;;13134;0.0
1;133900;INTARIAN_PEPPER_ROOT;13119;10;13117;27;;;13136;12;13138;29;;;13128;0.0
1;134000;INTARIAN_PEPPER_ROOT;13124;25;;;;;13144;15;13145;24;;;13134;0.0
1;134100;INTARIAN_PEPPER_ROOT;13125;13;;;;;13142;11;13143;23;;;13133;0.0
1;134200;INTARIAN_PEPPER_ROOT;13128;12;;;;;13144;10;;;;;13136;0.0
1;134300;INTARIAN_PEPPER_ROOT;13126;14;13123;30;;;13143;15;13145;10;;;13134;0.0
1;134400;INTARIAN_PEPPER_ROOT;13122;12;;;;;13138;13;13140;27;;;13130;0.0
1;134500;INTARIAN_PEPPER_ROOT;13120;14;13118;27;;;13136;15;;;;;13128;0.0
1;134600;INTARIAN_PEPPER_ROOT;13120;29;;;;;;;;;;;13130;0.0
1;134700;INTARIAN_PEPPER_ROOT;13113;15;13113;28;;;13131;14;13133;20;;;13123;0.0
1;134800;INTARIAN_PEPPER_ROOT;13126;14;13123;27;;;13145;22;13147;24;;;13135;0.0
1;134900;INTARIAN_PEPPER_ROOT;13124;11;13121;20;;;13141;20;;;;;13132;0.0
