day;timestamp;product;bid_price_1;bid_volume_1;bid_price_2;bid_volume_2;bid_price_3;bid_volume_3;ask_price_1;ask_volume_1;ask_price_2;ask_volume_2;ask_price_3;ask_volume_3;mid_price;profit_loss
1;0;INTARIAN_PEPPER_ROOT;11999;8;11996;10;11987;9;12003;2;12002;18;12014;10;12000;0
1;100;INTARIAN_PEPPER_ROOT;11995;7;11992;12;11990;7;12005;19;12003;16;12006;12;12000;0
1;200;INTARIAN_PEPPER_ROOT;12001;1;12002;14;11994;10;11999;19;12004;17;12011;14;12001;0
1;300;INTARIAN_PEPPER_ROOT;12002;18;12001;10;11993;4;12002;6;12000;13;12009;17;12001;0
1;400;INTARIAN_PEPPER_ROOT;11993;16;11994;4;11993;4;12005;5;12000;6;12009;4;12001;0
1;500;INTARIAN_PEPPER_ROOT;11996;5;11997;12;11997;7;12004;1;12009;13;12007;7;12002;0
1;600;INTARIAN_PEPPER_ROOT;12000;3;11997;12;11994;14;12008;19;12001;15;12003;16;12002;0
1;700;INTARIAN_PEPPER_ROOT;11999;16;11992;2;11996;15;11999;1;12014;18;12011;2;12002;0
1;800;INTARIAN_PEPPER_ROOT;12000;16;11999;4;12002;13;11999;1;12006;1;12010;9;12002;0
1;900;INTARIAN_PEPPER_ROOT;11998;18;12002;5;11996;6;12007;2;12004;17;12011;10;12003;0
1;1000;INTARIAN_PEPPER_ROOT;12004;11;12001;7;11996;3;12008;6;12008;16;12009;8;12003;0
1;1100;INTARIAN_PEPPER_ROOT;12003;14;11999;11;11998;15;12004;19;12000;17;12007;3;12003;0
1;1200;INTARIAN_PEPPER_ROOT;12002;14;12003;12;11996;13;12007;4;12007;4;12014;12;12004;0
1;1300;INTARIAN_PEPPER_ROOT;12005;5;11997;3;11996;9;12008;11;12007;3;12011;4;12004;0
1;1400;INTARIAN_PEPPER_ROOT;12003;10;12005;17;11998;9;12004;13;12004;13;12005;3;12004;0
1;1500;INTARIAN_PEPPER_ROOT;12000;5;11999;16;12000;19;12005;16;12007;4;12011;12;12005;0
1;1600;INTARIAN_PEPPER_ROOT;12004;15;11999;2;11996;12;12008;14;12014;4;12010;2;12005;0
1;1700;INTARIAN_PEPPER_ROOT;12000;19;11999;4;12001;7;12010;19;12010;19;12003;5;12005;0
1;1800;INTARIAN_PEPPER_ROOT;12006;2;11999;16;12004;7;12004;13;12010;18;12009;17;12005;0
1;1900;INTARIAN_PEPPER_ROOT;12004;2;12001;8;11994;19;12007;17;12008;11;12020;1;12006;0
1;2000;INTARIAN_PEPPER_ROOT;12003;6;12001;9;12001;10;12007;7;12006;13;12005;1;12006;0
1;2100;INTARIAN_PEPPER_ROOT;12002;3;12002;10;12000;1;12009;8;12009;11;12009;6;12006;0
1;2200;INTARIAN_PEPPER_ROOT;12009;1;12001;19;12000;4;12009;15;12004;15;12006;5;12007;0
1;2300;INTARIAN_PEPPER_ROOT;12005;19;12003;4;12002;2;12007;17;12008;10;12008;11;12007;0
1;2400;INTARIAN_PEPPER_ROOT;12004;12;12000;18;12005;3;12013;1;12007;12;12007;5;12007;0
1;2500;INTARIAN_PEPPER_ROOT;12005;15;12006;5;12003;5;12008;9;12006;14;12010;10;12008;0
1;2600;INTARIAN_PEPPER_ROOT;12008;11;12006;18;12005;8;12009;16;12014;16;12019;2;12008;0
1;2700;INTARIAN_PEPPER_ROOT;12007;15;12004;10;12002;17;12005;3;12012;12;12017;6;12008;0
1;2800;INTARIAN_PEPPER_ROOT;12007;14;12002;15;12003;15;12008;7;12010;15;12013;6;12008;0
1;2900;INTARIAN_PEPPER_ROOT;12008;4;12006;3;12001;14;12013;11;12015;3;12020;14;12009;0
1;3000;INTARIAN_PEPPER_ROOT;12013;3;12002;7;12003;19;12012;2;12008;1;12014;3;12009;0
1;3100;INTARIAN_PEPPER_ROOT;12006;10;12005;4;12002;6;12013;18;12009;2;12012;5;12009;0
1;3200;INTARIAN_PEPPER_ROOT;12006;8;12006;11;12004;19;12014;7;12017;15;12015;15;12010;0
1;3300;INTARIAN_PEPPER_ROOT;12006;16;12014;1;11999;1;12018;15;12021;6;12011;14;12010;0
1;3400;INTARIAN_PEPPER_ROOT;12010;6;12002;8;12001;1;12010;9;12016;15;12010;7;12010;0
1;3500;INTARIAN_PEPPER_ROOT;12012;7;11999;10;12009;16;12008;8;12016;17;12019;4;12011;0
1;3600;INTARIAN_PEPPER_ROOT;12009;11;12005;10;12009;9;12010;19;12013;14;12018;18;12011;0
1;3700;INTARIAN_PEPPER_ROOT;12006;4;12002;16;12000;17;12011;17;12013;8;12013;2;12011;0
1;3800;INTARIAN_PEPPER_ROOT;12007;17;12005;12;12003;3;12010;10;12016;3;12018;17;12011;0
1;3900;INTARIAN_PEPPER_ROOT;12012;1;12004;16;12004;5;12014;9;12020;17;12020;7;12012;0
1;4000;INTARIAN_PEPPER_ROOT;12012;17;12005;10;12007;17;12018;15;12017;7;12016;6;12012;0
1;4100;INTARIAN_PEPPER_ROOT;12012;12;12005;7;12006;1;12019;14;12019;11;12015;17;12012;0
1;4200;INTARIAN_PEPPER_ROOT;12009;17;12012;6;12009;18;12017;19;12014;14;12021;18;12013;0
1;4300;INTARIAN_PEPPER_ROOT;12012;6;12009;14;12003;19;12021;7;12019;18;12020;15;12013;0
1;4400;INTARIAN_PEPPER_ROOT;12011;18;12012;18;12008;6;12014;3;12015;10;12024;2;12013;0
1;4500;INTARIAN_PEPPER_ROOT;12013;17;12010;19;12007;8;12011;4;12018;17;12021;14;12014;0
1;4600;INTARIAN_PEPPER_ROOT;12015;9;12013;5;12006;5;12019;11;12020;14;12015;17;12014;0
1;4700;INTARIAN_PEPPER_ROOT;12013;6;12009;9;12009;5;12010;6;12016;8;12015;2;12014;0
1;4800;INTARIAN_PEPPER_ROOT;12014;4;12015;12;12007;16;12014;16;12015;7;12019;18;12014;0
1;4900;INTARIAN_PEPPER_ROOT;12013;3;12012;18;12009;19;12019;17;12020;11;12023;4;12015;0
1;5000;INTARIAN_PEPPER_ROOT;12014;12;12009;6;12013;13;12017;4;12019;14;12022;11;12015;0
1;5100;INTARIAN_PEPPER_ROOT;12015;19;12013;15;12009;15;12016;19;12019;14;12019;13;12015;0
1;5200;INTARIAN_PEPPER_ROOT;12010;11;12012;16;12016;1;12014;12;12022;15;12017;7;12016;0
1;5300;INTARIAN_PEPPER_ROOT;12013;19;12011;4;12003;4;12018;6;12024;1;12026;13;12016;0
1;5400;INTARIAN_PEPPER_ROOT;12013;15;12012;6;12010;5;12021;4;12022;9;12026;7;12016;0
1;5500;INTARIAN_PEPPER_ROOT;12013;14;12015;9;12008;9;12019;4;12023;4;12019;8;12017;0
1;5600;INTARIAN_PEPPER_ROOT;12014;14;12007;17;12008;5;12017;9;12019;1;12025;2;12017;0
1;5700;INTARIAN_PEPPER_ROOT;12019;18;12012;18;12009;9;12015;2;12020;14;12024;18;12017;0
1;5800;INTARIAN_PEPPER_ROOT;12012;17;12015;4;12014;11;12017;3;12022;19;12025;5;12017;0
1;5900;INTARIAN_PEPPER_ROOT;12019;4;12015;4;12011;8;12021;15;12021;18;12029;19;12018;0
1;6000;INTARIAN_PEPPER_ROOT;12011;12;12011;8;12009;14;12021;10;12023;17;12028;6;12018;0
1;6100;INTARIAN_PEPPER_ROOT;12015;9;12007;2;12014;13;12018;11;12020;6;12026;3;12018;0
1;6200;INTARIAN_PEPPER_ROOT;12017;17;12020;10;12009;8;12014;7;12029;4;12024;8;12019;0
1;6300;INTARIAN_PEPPER_ROOT;12019;4;12014;6;12018;3;12022;11;12024;8;12024;5;12019;0
1;6400;INTARIAN_PEPPER_ROOT;12019;16;12020;8;12009;19;12018;7;12023;9;12024;15;12019;0
1;6500;INTARIAN_PEPPER_ROOT;12020;10;12018;1;12013;9;12024;1;12023;17;12034;19;12020;0
1;6600;INTARIAN_PEPPER_ROOT;12017;18;12014;5;12020;8;12020;11;12030;7;12026;12;12020;0
1;6700;INTARIAN_PEPPER_ROOT;12017;16;12008;3;12013;11;12019;2;12020;6;12028;16;12020;0
1;6800;INTARIAN_PEPPER_ROOT;12021;7;12015;5;12015;14;12022;14;12022;19;12027;17;12020;0
1;6900;INTARIAN_PEPPER_ROOT;12018;17;12017;9;12015;12;12030;18;12028;18;12024;5;12021;0
1;7000;INTARIAN_PEPPER_ROOT;12015;4;12018;5;12015;17;12025;13;12026;14;12028;19;12021;0
1;7100;INTARIAN_PEPPER_ROOT;12016;1;12014;15;12013;3;12023;11;12023;3;12025;18;12021;0
1;7200;INTARIAN_PEPPER_ROOT;12017;10;12019;9;12017;13;12025;19;12024;11;12025;18;12022;0
1;7300;INTARIAN_PEPPER_ROOT;12021;8;12019;5;12020;16;12019;5;12025;5;12030;13;12022;0
1;7400;INTARIAN_PEPPER_ROOT;12020;3;12021;12;12010;14;12021;15;12026;3;12024;18;12022;0
1;7500;INTARIAN_PEPPER_ROOT;12023;19;12018;17;12014;11;12017;4;12032;1;12032;11;12023;0
1;7600;INTARIAN_PEPPER_ROOT;12020;1;12020;10;12015;7;12030;1;12029;7;12031;14;12023;0
1;7700;INTARIAN_PEPPER_ROOT;12021;12;12020;19;12014;19;12030;5;12030;2;12033;15;12023;0
1;7800;INTARIAN_PEPPER_ROOT;12023;5;12022;7;12019;15;12026;10;12026;2;12030;17;12023;0
1;7900;INTARIAN_PEPPER_ROOT;12021;6;12018;9;12016;7;12026;2;12030;5;12027;5;12024;0
1;8000;INTARIAN_PEPPER_ROOT;12023;5;12011;9;12018;19;12021;6;12023;10;12033;1;12024;0
1;8100;INTARIAN_PEPPER_ROOT;12020;8;12019;19;12022;18;12025;1;12029;13;12033;8;12024;0
1;8200;INTARIAN_PEPPER_ROOT;12022;13;12020;14;12014;8;12032;5;12029;17;12034;16;12025;0
1;8300;INTARIAN_PEPPER_ROOT;12022;7;12018;11;12020;2;12027;14;12034;4;12033;9;12025;0
1;8400;INTARIAN_PEPPER_ROOT;12019;14;12016;7;12019;5;12025;3;12034;15;12027;7;12025;0
1;8500;INTARIAN_PEPPER_ROOT;12025;9;12020;2;12020;19;12023;6;12029;18;12035;8;12026;0
1;8600;INTARIAN_PEPPER_ROOT;12023;15;12022;18;12017;19;12032;3;12028;15;12028;13;12026;0
1;8700;INTARIAN_PEPPER_ROOT;12024;9;12022;3;12019;15;12028;8;12028;7;12030;2;12026;0
1;8800;INTARIAN_PEPPER_ROOT;12025;7;12015;14;12020;3;12023;15;12029;6;12030;17;12026;0
1;8900;INTARIAN_PEPPER_ROOT;12026;10;12018;10;12020;9;12026;11;12035;10;12028;8;12027;0
1;9000;INTARIAN_PEPPER_ROOT;12027;14;12026;14;12023;12;12025;4;12032;16;12034;13;12027;0
1;9100;INTARIAN_PEPPER_ROOT;12025;9;12022;18;12018;2;12029;7;12033;13;12033;3;12027;0
1;9200;INTARIAN_PEPPER_ROOT;12025;18;12024;4;12018;12;12031;13;12034;9;12038;18;12028;0
1;9300;INTARIAN_PEPPER_ROOT;12026;10;12020;2;12016;16;12028;10;12029;3;12038;12;12028;0
1;9400;INTARIAN_PEPPER_ROOT;12021;6;12024;8;12022;16;12032;9;12030;13;12035;4;12028;0
1;9500;INTARIAN_PEPPER_ROOT;12023;1;12024;11;12025;9;12031;17;12035;14;12037;18;12029;0
1;9600;INTARIAN_PEPPER_ROOT;12023;8;12023;2;12019;14;12034;16;12031;10;12035;11;12029;0
1;9700;INTARIAN_PEPPER_ROOT;12024;2;12021;16;12019;13;12030;5;12028;3;12035;15;12029;0
1;9800;INTARIAN_PEPPER_ROOT;12028;1;12022;12;12029;8;12040;14;12030;9;12035;15;12029;0
1;9900;INTARIAN_PEPPER_ROOT;12025;8;12032;19;12028;9;12030;16;12037;16;12036;9;12030;0
1;10000;INTARIAN_PEPPER_ROOT;12027;6;12025;6;12028;15;12029;18;12033;19;12037;7;12030;0
1;10100;INTARIAN_PEPPER_ROOT;12032;17;12028;18;12025;5;12029;6;12035;10;12038;9;12030;0
1;10200;INTARIAN_PEPPER_ROOT;12028;14;12026;8;12027;17;12032;14;12032;17;12033;17;12031;0
1;10300;INTARIAN_PEPPER_ROOT;12031;16;12026;3;12024;2;12028;4;12036;2;12036;12;12031;0
1;10400;INTARIAN_PEPPER_ROOT;12026;11;12025;16;12021;5;12034;9;12034;2;12039;1;12031;0
1;10500;INTARIAN_PEPPER_ROOT;12029;3;12032;2;12022;19;12028;2;12037;14;12036;19;12032;0
1;10600;INTARIAN_PEPPER_ROOT;12027;17;12029;14;12026;13;12034;12;12035;19;12036;9;12032;0
1;10700;INTARIAN_PEPPER_ROOT;12029;10;12026;4;12029;5;12030;13;12038;2;12041;19;12032;0
1;10800;INTARIAN_PEPPER_ROOT;12033;9;12027;13;12025;2;12033;9;12034;3;12036;1;12032;0
1;10900;INTARIAN_PEPPER_ROOT;12026;12;12032;6;12029;9;12037;8;12037;19;12040;14;12033;0
1;11000;INTARIAN_PEPPER_ROOT;12032;4;12020;2;12027;17;12042;5;12036;19;12039;1;12033;0
1;11100;INTARIAN_PEPPER_ROOT;12032;10;12030;17;12028;11;12032;15;12037;9;12042;9;12033;0
1;11200;INTARIAN_PEPPER_ROOT;12030;12;12032;7;12030;2;12036;18;12039;1;12040;15;12034;0
1;11300;INTARIAN_PEPPER_ROOT;12028;14;12028;13;12032;15;12034;3;12037;8;12038;5;12034;0
1;11400;INTARIAN_PEPPER_ROOT;12032;10;12030;1;12029;10;12033;6;12038;13;12038;2;12034;0
1;11500;INTARIAN_PEPPER_ROOT;12031;19;12033;18;12035;6;12035;12;12040;6;12046;4;12035;0
1;11600;INTARIAN_PEPPER_ROOT;12034;19;12027;12;12028;10;12039;7;12041;7;12039;5;12035;0
1;11700;INTARIAN_PEPPER_ROOT;12033;2;12034;8;12033;15;12036;1;12039;9;12039;1;12035;0
1;11800;INTARIAN_PEPPER_ROOT;12038;2;12032;18;12031;15;12044;1;12036;9;12040;19;12035;0
1;11900;INTARIAN_PEPPER_ROOT;12033;10;12032;8;12025;3;12039;5;12040;15;12041;7;12036;0
1;12000;INTARIAN_PEPPER_ROOT;12031;16;12032;7;12034;4;12035;19;12042;10;12041;12;12036;0
1;12100;INTARIAN_PEPPER_ROOT;12035;10;12034;6;12027;16;12037;12;12036;10;12044;2;12036;0
1;12200;INTARIAN_PEPPER_ROOT;12036;5;12040;13;12030;6;12037;5;12037;8;12043;17;12037;0
1;12300;INTARIAN_PEPPER_ROOT;12039;11;12035;9;12034;18;12041;2;12039;13;12041;14;12037;0
1;12400;INTARIAN_PEPPER_ROOT;12038;18;12035;11;12029;3;12034;15;12040;14;12045;11;12037;0
1;12500;INTARIAN_PEPPER_ROOT;12037;4;12035;16;12032;18;12036;8;12035;2;12045;3;12038;0
1;12600;INTARIAN_PEPPER_ROOT;12040;9;12040;13;12034;10;12038;8;12044;1;12048;9;12038;0
1;12700;INTARIAN_PEPPER_ROOT;12032;13;12030;14;12030;1;12042;11;12041;17;12045;16;12038;0
1;12800;INTARIAN_PEPPER_ROOT;12034;8;12029;12;12031;3;12044;5;12035;1;12044;13;12038;0
1;12900;INTARIAN_PEPPER_ROOT;12034;1;12035;16;12032;10;12045;14;12040;11;12044;6;12039;0
1;13000;INTARIAN_PEPPER_ROOT;12036;13;12037;14;12036;2;12043;6;12042;16;12045;3;12039;0
1;13100;INTARIAN_PEPPER_ROOT;12033;15;12027;16;12038;17;12041;14;12038;10;12046;17;12039;0
1;13200;INTARIAN_PEPPER_ROOT;12040;13;12036;13;12031;1;12044;10;12047;2;12046;18;12040;0
1;13300;INTARIAN_PEPPER_ROOT;12037;13;12035;1;12034;16;12039;3;12045;5;12045;1;12040;0
1;13400;INTARIAN_PEPPER_ROOT;12034;13;12038;18;12032;17;12036;12;12046;3;12048;4;12040;0
1;13500;INTARIAN_PEPPER_ROOT;12036;7;12038;5;12035;17;12044;2;12042;2;12048;2;12041;0
1;13600;INTARIAN_PEPPER_ROOT;12040;1;12032;14;12040;4;12040;14;12046;7;12047;18;12041;0
1;13700;INTARIAN_PEPPER_ROOT;12042;19;12034;13;12036;14;12043;8;12043;7;12049;15;12041;0
1;13800;INTARIAN_PEPPER_ROOT;12045;4;12035;13;12033;14;12043;13;12044;13;12047;11;12041;0
1;13900;INTARIAN_PEPPER_ROOT;12049;16;12040;9;12032;17;12045;5;12047;16;12048;13;12042;0
1;14000;INTARIAN_PEPPER_ROOT;12041;11;12039;9;12039;15;12047;8;12046;11;12050;8;12042;0
1;14100;INTARIAN_PEPPER_ROOT;12037;11;12036;3;12035;2;12046;6;12048;11;12050;3;12042;0
1;14200;INTARIAN_PEPPER_ROOT;12035;1;12039;5;12035;13;12046;5;12047;16;12051;18;12043;0
1;14300;INTARIAN_PEPPER_ROOT;12042;19;12036;2;12038;4;12044;7;12046;6;12047;18;12043;0
1;14400;INTARIAN_PEPPER_ROOT;12039;11;12045;18;12039;2;12045;2;12050;10;12050;5;12043;0
1;14500;INTARIAN_PEPPER_ROOT;12041;16;12042;18;12037;14;12044;8;12051;12;12050;13;12044;0
1;14600;INTARIAN_PEPPER_ROOT;12040;15;12042;3;12035;8;12045;3;12048;16;12051;18;12044;0
1;14700;INTARIAN_PEPPER_ROOT;12042;3;12044;17;12042;16;12054;10;12052;7;12055;10;12044;0
1;14800;INTARIAN_PEPPER_ROOT;12045;19;12043;13;12040;14;12047;2;12047;10;12049;1;12044;0
1;14900;INTARIAN_PEPPER_ROOT;12043;12;12041;7;12042;4;12048;1;12049;5;12051;14;12045;0
1;15000;INTARIAN_PEPPER_ROOT;12043;4;12040;3;12038;7;12045;9;12049;6;12049;9;12045;0
1;15100;INTARIAN_PEPPER_ROOT;12040;12;12045;13;12037;16;12050;6;12049;15;12050;12;12045;0
1;15200;INTARIAN_PEPPER_ROOT;12039;12;12042;1;12038;11;12050;17;12049;17;12050;14;12046;0
1;15300;INTARIAN_PEPPER_ROOT;12043;13;12040;3;12035;5;12050;6;12048;4;12049;1;12046;0
1;15400;INTARIAN_PEPPER_ROOT;12044;7;12048;2;12039;14;12049;8;12047;19;12046;17;12046;0
1;15500;INTARIAN_PEPPER_ROOT;12050;18;12040;3;12039;13;12052;5;12051;12;12051;18;12047;0
1;15600;INTARIAN_PEPPER_ROOT;12045;5;12038;1;12041;18;12053;17;12055;19;12051;5;12047;0
1;15700;INTARIAN_PEPPER_ROOT;12048;10;12046;7;12041;10;12050;15;12053;14;12053;16;12047;0
1;15800;INTARIAN_PEPPER_ROOT;12044;16;12041;16;12041;16;12049;4;12052;3;12051;12;12047;0
1;15900;INTARIAN_PEPPER_ROOT;12042;2;12045;6;12040;15;12053;5;12056;2;12057;11;12048;0
1;16000;INTARIAN_PEPPER_ROOT;12043;8;12049;5;12038;5;12047;4;12052;18;12055;12;12048;0
1;16100;INTARIAN_PEPPER_ROOT;12044;10;12040;19;12038;9;12048;3;12049;14;12056;10;12048;0
1;16200;INTARIAN_PEPPER_ROOT;12053;15;12045;10;12044;9;12051;5;12052;17;12058;19;12049;0
1;16300;INTARIAN_PEPPER_ROOT;12045;15;12049;1;12043;4;12046;17;12053;1;12059;16;12049;0
1;16400;INTARIAN_PEPPER_ROOT;12050;16;12047;12;12039;12;12053;9;12051;4;12058;10;12049;0
1;16500;INTARIAN_PEPPER_ROOT;12045;7;12045;11;12048;16;12049;8;12056;16;12053;3;12050;0
1;16600;INTARIAN_PEPPER_ROOT;12051;10;12053;9;12047;2;12051;4;12057;17;12059;17;12050;0
1;16700;INTARIAN_PEPPER_ROOT;12049;1;12046;17;12041;18;12051;4;12049;6;12057;18;12050;0
1;16800;INTARIAN_PEPPER_ROOT;12048;16;12047;13;12045;16;12052;11;12054;19;12060;15;12050;0
1;16900;INTARIAN_PEPPER_ROOT;12049;6;12052;1;12045;12;12052;15;12046;3;12057;18;12051;0
1;17000;INTARIAN_PEPPER_ROOT;12047;9;12050;8;12046;17;12053;11;12055;6;12060;13;12051;0
1;17100;INTARIAN_PEPPER_ROOT;12050;13;12051;11;12046;17;12053;13;12055;3;12057;9;12051;0
1;17200;INTARIAN_PEPPER_ROOT;12049;15;12045;13;12048;19;12053;5;12061;11;12058;9;12052;0
1;17300;INTARIAN_PEPPER_ROOT;12046;2;12052;8;12050;1;12052;18;12060;9;12060;12;12052;0
1;17400;INTARIAN_PEPPER_ROOT;12046;15;12049;9;12047;18;12057;16;12059;12;12057;1;12052;0
1;17500;INTARIAN_PEPPER_ROOT;12052;8;12047;5;12049;11;12049;17;12054;6;12061;13;12053;0
1;17600;INTARIAN_PEPPER_ROOT;12056;8;12050;12;12051;16;12054;13;12054;11;12054;2;12053;0
1;17700;INTARIAN_PEPPER_ROOT;12051;3;12050;5;12045;8;12054;14;12054;9;12060;15;12053;0
1;17800;INTARIAN_PEPPER_ROOT;12051;14;12055;10;12044;9;12056;2;12062;6;12055;16;12053;0
1;17900;INTARIAN_PEPPER_ROOT;12053;10;12051;16;12050;14;12052;4;12055;17;12062;16;12054;0
1;18000;INTARIAN_PEPPER_ROOT;12056;2;12048;18;12044;8;12055;3;12057;17;12051;7;12054;0
1;18100;INTARIAN_PEPPER_ROOT;12053;3;12047;9;12046;7;12056;10;12055;2;12055;14;12054;0
1;18200;INTARIAN_PEPPER_ROOT;12052;14;12051;4;12054;3;12060;12;12055;6;12061;6;12055;0
1;18300;INTARIAN_PEPPER_ROOT;12056;3;12047;1;12044;1;12058;3;12060;5;12061;16;12055;0
1;18400;INTARIAN_PEPPER_ROOT;12054;10;12049;17;12050;17;12053;15;12059;6;12060;7;12055;0
1;18500;INTARIAN_PEPPER_ROOT;12059;14;12051;8;12046;9;12057;11;12053;3;12064;6;12056;0
1;18600;INTARIAN_PEPPER_ROOT;12055;18;12051;4;12051;6;12061;12;12056;8;12065;2;12056;0
1;18700;INTARIAN_PEPPER_ROOT;12050;4;12054;16;12055;12;12054;18;12061;13;12070;10;12056;0
1;18800;INTARIAN_PEPPER_ROOT;12050;6;12050;10;12047;19;12058;12;12060;8;12062;3;12056;0
1;18900;INTARIAN_PEPPER_ROOT;12060;3;12046;14;12045;13;12059;1;12060;12;12066;17;12057;0
1;19000;INTARIAN_PEPPER_ROOT;12060;17;12048;2;12052;10;12058;15;12063;2;12061;13;12057;0
1;19100;INTARIAN_PEPPER_ROOT;12054;12;12053;19;12049;16;12067;17;12057;17;12061;14;12057;0
1;19200;INTARIAN_PEPPER_ROOT;12055;19;12052;6;12051;1;12059;2;12060;10;12062;19;12058;0
1;19300;INTARIAN_PEPPER_ROOT;12060;1;12050;15;12053;19;12061;11;12064;14;12064;15;12058;0
1;19400;INTARIAN_PEPPER_ROOT;12053;14;12060;6;12054;14;12058;9;12060;10;12065;5;12058;0
1;19500;INTARIAN_PEPPER_ROOT;12054;1;12057;4;12055;15;12063;3;12064;14;12068;9;12059;0
1;19600;INTARIAN_PEPPER_ROOT;12059;3;12055;8;12053;5;12064;6;12060;11;12066;2;12059;0
1;19700;INTARIAN_PEPPER_ROOT;12056;9;12056;2;12054;6;12059;17;12061;4;12069;10;12059;0
1;19800;INTARIAN_PEPPER_ROOT;12057;7;12054;10;12052;12;12061;8;12058;5;12069;12;12059;0
1;19900;INTARIAN_PEPPER_ROOT;12058;7;12052;9;12053;18;12059;11;12058;16;12066;3;12060;0
1;20000;INTARIAN_PEPPER_ROOT;12059;2;12059;2;12054;5;12059;15;12063;7;12066;16;12060;0
1;20100;INTARIAN_PEPPER_ROOT;12062;11;12059;9;12056;13;12065;9;12065;1;12061;13;12060;0
1;20200;INTARIAN_PEPPER_ROOT;12059;7;12051;11;12053;6;12061;17;12065;10;12065;8;12061;0
1;20300;INTARIAN_PEPPER_ROOT;12061;19;12058;11;12056;17;12056;10;12068;14;12065;12;12061;0
1;20400;INTARIAN_PEPPER_ROOT;12053;16;12058;2;12054;12;12068;19;12064;17;12065;6;12061;0
1;20500;INTARIAN_PEPPER_ROOT;12060;9;12057;13;12054;8;12062;3;12060;16;12067;19;12062;0
1;20600;INTARIAN_PEPPER_ROOT;12057;15;12064;7;12059;19;12063;17;12067;18;12070;12;12062;0
1;20700;INTARIAN_PEPPER_ROOT;12056;11;12064;5;12057;3;12069;3;12063;5;12069;10;12062;0
1;20800;INTARIAN_PEPPER_ROOT;12057;10;12057;17;12057;8;12064;16;12066;14;12071;8;12062;0
1;20900;INTARIAN_PEPPER_ROOT;12060;18;12058;19;12054;13;12065;13;12060;6;12070;10;12063;0
1;21000;INTARIAN_PEPPER_ROOT;12064;12;12058;3;12056;8;12061;11;12066;17;12067;12;12063;0
1;21100;INTARIAN_PEPPER_ROOT;12057;10;12057;10;12059;3;12060;17;12069;5;12071;10;12063;0
1;21200;INTARIAN_PEPPER_ROOT;12062;11;12057;6;12059;6;12066;13;12070;14;12066;14;12064;0
1;21300;INTARIAN_PEPPER_ROOT;12061;15;12062;14;12066;17;12067;14;12067;16;12073;17;12064;0
1;21400;INTARIAN_PEPPER_ROOT;12061;15;12066;12;12059;4;12067;15;12068;12;12068;10;12064;0
1;21500;INTARIAN_PEPPER_ROOT;12066;11;12066;8;12057;13;12066;16;12068;8;12064;11;12065;0
1;21600;INTARIAN_PEPPER_ROOT;12065;4;12063;15;12058;3;12067;5;12068;9;12073;19;12065;0
1;21700;INTARIAN_PEPPER_ROOT;12067;13;12054;14;12056;9;12061;17;12071;7;12070;9;12065;0
1;21800;INTARIAN_PEPPER_ROOT;12063;9;12055;18;12057;8;12068;12;12067;3;12075;10;12065;0
1;21900;INTARIAN_PEPPER_ROOT;12062;18;12065;19;12060;3;12068;1;12068;10;12075;6;12066;0
1;22000;INTARIAN_PEPPER_ROOT;12063;18;12067;8;12059;15;12074;18;12065;12;12069;13;12066;0
1;22100;INTARIAN_PEPPER_ROOT;12065;1;12064;3;12064;6;12068;15;12072;14;12077;19;12066;0
1;22200;INTARIAN_PEPPER_ROOT;12066;19;12062;18;12064;11;12066;17;12070;2;12067;13;12067;0
1;22300;INTARIAN_PEPPER_ROOT;12062;18;12067;9;12064;6;12069;15;12067;13;12074;14;12067;0
1;22400;INTARIAN_PEPPER_ROOT;12065;18;12065;17;12060;8;12068;7;12073;6;12077;19;12067;0
1;22500;INTARIAN_PEPPER_ROOT;12067;10;12067;14;12065;1;12071;7;12072;14;12071;3;12068;0
1;22600;INTARIAN_PEPPER_ROOT;12074;6;12058;10;12065;5;12070;6;12070;10;12080;6;12068;0
1;22700;INTARIAN_PEPPER_ROOT;12072;12;12065;17;12067;3;12066;8;12075;19;12074;3;12068;0
1;22800;INTARIAN_PEPPER_ROOT;12063;17;12069;15;12060;13;12065;1;12071;3;12075;18;12068;0
1;22900;INTARIAN_PEPPER_ROOT;12066;9;12067;13;12063;12;12072;15;12068;5;12079;11;12069;0
1;23000;INTARIAN_PEPPER_ROOT;12063;19;12068;10;12061;5;12075;15;12076;14;12076;14;12069;0
1;23100;INTARIAN_PEPPER_ROOT;12065;5;12065;5;12071;1;12071;19;12070;4;12071;13;12069;0
1;23200;INTARIAN_PEPPER_ROOT;12069;17;12066;5;12063;7;12074;11;12083;5;12066;16;12070;0
1;23300;INTARIAN_PEPPER_ROOT;12072;2;12070;13;12068;10;12075;19;12072;13;12073;7;12070;0
1;23400;INTARIAN_PEPPER_ROOT;12066;16;12064;8;12064;2;12073;4;12068;10;12073;5;12070;0
1;23500;INTARIAN_PEPPER_ROOT;12067;18;12065;12;12068;12;12071;10;12080;3;12074;1;12071;0
1;23600;INTARIAN_PEPPER_ROOT;12063;14;12066;14;12065;9;12074;15;12075;7;12075;19;12071;0
1;23700;INTARIAN_PEPPER_ROOT;12069;12;12067;1;12068;5;12077;16;12076;13;12068;12;12071;0
1;23800;INTARIAN_PEPPER_ROOT;12066;8;12062;2;12066;8;12075;15;12076;2;12073;11;12071;0
1;23900;INTARIAN_PEPPER_ROOT;12068;17;12070;12;12071;19;12076;9;12072;19;12080;3;12072;0
1;24000;INTARIAN_PEPPER_ROOT;12067;3;12068;19;12067;19;12073;2;12069;8;12081;13;12072;0
1;24100;INTARIAN_PEPPER_ROOT;12070;6;12071;11;12064;9;12073;17;12082;9;12076;11;12072;0
1;24200;INTARIAN_PEPPER_ROOT;12066;3;12063;13;12069;18;12075;8;12072;13;12081;19;12073;0
1;24300;INTARIAN_PEPPER_ROOT;12067;6;12072;6;12067;15;12075;13;12082;5;12071;18;12073;0
1;24400;INTARIAN_PEPPER_ROOT;12077;10;12073;5;12064;6;12079;3;12078;11;12080;1;12073;0
1;24500;INTARIAN_PEPPER_ROOT;12068;7;12071;5;12069;5;12069;18;12078;19;12084;10;12074;0
1;24600;INTARIAN_PEPPER_ROOT;12069;8;12070;18;12066;2;12076;5;12076;19;12082;13;12074;0
1;24700;INTARIAN_PEPPER_ROOT;12078;5;12073;15;12067;1;12076;19;12085;8;12080;4;12074;0
1;24800;INTARIAN_PEPPER_ROOT;12081;7;12074;7;12068;9;12072;14;12076;19;12072;17;12074;0
1;24900;INTARIAN_PEPPER_ROOT;12069;10;12073;2;12063;2;12079;7;12077;3;12087;11;12075;0
1;25000;INTARIAN_PEPPER_ROOT;12072;5;12073;17;12068;14;12075;8;12081;18;12087;19;12075;0
1;25100;INTARIAN_PEPPER_ROOT;12074;18;12076;6;12072;6;12076;19;12077;8;12083;2;12075;0
1;25200;INTARIAN_PEPPER_ROOT;12079;18;12074;5;12069;5;12084;12;12077;6;12086;7;12076;0
1;25300;INTARIAN_PEPPER_ROOT;12071;17;12070;14;12064;6;12081;14;12080;2;12082;16;12076;0
1;25400;INTARIAN_PEPPER_ROOT;12073;1;12076;3;12070;10;12080;12;12082;12;12084;8;12076;0
1;25500;INTARIAN_PEPPER_ROOT;12077;10;12073;4;12072;4;12080;5;12086;2;12086;11;12077;0
1;25600;INTARIAN_PEPPER_ROOT;12076;16;12073;10;12070;6;12079;3;12087;14;12083;3;12077;0
1;25700;INTARIAN_PEPPER_ROOT;12074;7;12073;3;12070;7;12085;1;12075;1;12081;8;12077;0
1;25800;INTARIAN_PEPPER_ROOT;12075;5;12076;18;12070;19;12081;8;12084;10;12086;2;12077;0
1;25900;INTARIAN_PEPPER_ROOT;12072;12;12079;19;12074;3;12078;13;12079;9;12090;11;12078;0
1;26000;INTARIAN_PEPPER_ROOT;12075;1;12074;16;12070;3;12076;6;12079;19;12088;16;12078;0
1;26100;INTARIAN_PEPPER_ROOT;12075;12;12079;11;12074;17;12082;5;12080;9;12085;4;12078;0
1;26200;INTARIAN_PEPPER_ROOT;12078;9;12075;11;12072;14;12081;8;12081;7;12086;1;12079;0
1;26300;INTARIAN_PEPPER_ROOT;12075;13;12079;6;12077;6;12077;5;12080;14;12086;6;12079;0
1;26400;INTARIAN_PEPPER_ROOT;12078;13;12076;3;12072;2;12082;9;12076;17;12078;17;12079;0
1;26500;INTARIAN_PEPPER_ROOT;12081;11;12075;3;12071;14;12081;11;12088;11;12086;7;12080;0
1;26600;INTARIAN_PEPPER_ROOT;12078;12;12082;3;12076;12;12084;6;12087;15;12085;6;12080;0
1;26700;INTARIAN_PEPPER_ROOT;12079;1;12074;1;12075;18;12083;1;12084;17;12082;12;12080;0
1;26800;INTARIAN_PEPPER_ROOT;12078;19;12074;15;12075;2;12080;2;12081;9;12089;16;12080;0
1;26900;INTARIAN_PEPPER_ROOT;12079;2;12073;15;12078;18;12085;8;12089;17;12088;12;12081;0
1;27000;INTARIAN_PEPPER_ROOT;12077;19;12081;14;12072;11;12082;4;12085;16;12079;5;12081;0
1;27100;INTARIAN_PEPPER_ROOT;12080;19;12082;7;12073;11;12082;16;12083;4;12088;3;12081;0
1;27200;INTARIAN_PEPPER_ROOT;12080;14;12079;2;12080;15;12082;4;12081;9;12092;12;12082;0
1;27300;INTARIAN_PEPPER_ROOT;12086;15;12075;4;12077;7;12087;1;12087;1;12086;17;12082;0
1;27400;INTARIAN_PEPPER_ROOT;12085;1;12078;16;12075;11;12083;12;12085;15;12085;15;12082;0
1;27500;INTARIAN_PEPPER_ROOT;12082;19;12078;18;12072;18;12089;12;12088;14;12085;5;12083;0
1;27600;INTARIAN_PEPPER_ROOT;12079;11;12076;2;12073;11;12090;13;12087;1;12089;4;12083;0
1;27700;INTARIAN_PEPPER_ROOT;12078;7;12078;14;12074;19;12083;4;12089;1;12087;17;12083;0
1;27800;INTARIAN_PEPPER_ROOT;12085;13;12081;18;12075;2;12076;13;12087;12;12085;16;12083;0
1;27900;INTARIAN_PEPPER_ROOT;12083;11;12078;16;12079;15;12089;17;12087;8;12095;7;12084;0
1;28000;INTARIAN_PEPPER_ROOT;12083;7;12081;5;12074;19;12085;12;12090;1;12091;13;12084;0
1;28100;INTARIAN_PEPPER_ROOT;12077;7;12075;13;12076;11;12083;8;12091;2;12088;10;12084;0
1;28200;INTARIAN_PEPPER_ROOT;12086;3;12086;16;12075;1;12085;10;12093;17;12096;3;12085;0
1;28300;INTARIAN_PEPPER_ROOT;12084;18;12080;18;12078;4;12086;16;12085;9;12092;9;12085;0
1;28400;INTARIAN_PEPPER_ROOT;12080;13;12084;13;12086;6;12091;3;12092;15;12091;9;12085;0
1;28500;INTARIAN_PEPPER_ROOT;12083;6;12083;7;12084;12;12088;14;12085;9;12093;13;12086;0
1;28600;INTARIAN_PEPPER_ROOT;12085;14;12083;13;12082;16;12092;6;12093;18;12090;7;12086;0
1;28700;INTARIAN_PEPPER_ROOT;12084;14;12079;3;12078;5;12089;17;12088;17;12092;5;12086;0
1;28800;INTARIAN_PEPPER_ROOT;12083;3;12080;2;12077;3;12087;3;12092;18;12094;10;12086;0
1;28900;INTARIAN_PEPPER_ROOT;12085;4;12081;1;12081;4;12088;10;12095;13;12098;13;12087;0
1;29000;INTARIAN_PEPPER_ROOT;12084;5;12083;11;12076;5;12091;8;12092;1;12091;5;12087;0
1;29100;INTARIAN_PEPPER_ROOT;12085;2;12087;1;12083;8;12091;10;12091;8;12095;9;12087;0
1;29200;INTARIAN_PEPPER_ROOT;12090;16;12085;3;12081;15;12093;8;12092;2;12090;19;12088;0
1;29300;INTARIAN_PEPPER_ROOT;12078;3;12081;17;12082;8;12089;1;12091;10;12096;14;12088;0
1;29400;INTARIAN_PEPPER_ROOT;12085;16;12084;8;12077;16;12091;17;12095;10;12099;9;12088;0
1;29500;INTARIAN_PEPPER_ROOT;12088;11;12085;12;12083;10;12093;11;12093;11;12095;11;12089;0
1;29600;INTARIAN_PEPPER_ROOT;12088;3;12084;9;12082;14;12090;12;12086;18;12093;19;12089;0
1;29700;INTARIAN_PEPPER_ROOT;12086;17;12085;1;12080;8;12088;10;12096;5;12093;15;12089;0
1;29800;INTARIAN_PEPPER_ROOT;12082;4;12087;12;12084;16;12089;11;12095;17;12096;15;12089;0
1;29900;INTARIAN_PEPPER_ROOT;12089;19;12084;3;12083;1;12091;12;12094;15;12096;17;12090;0
1;30000;INTARIAN_PEPPER_ROOT;12093;1;12085;13;12085;8;12094;8;12092;9;12095;3;12090;0
1;30100;INTARIAN_PEPPER_ROOT;12083;12;12089;14;12086;10;12096;3;12091;9;12098;8;12090;0
1;30200;INTARIAN_PEPPER_ROOT;12092;6;12088;14;12082;16;12089;1;12093;8;12094;16;12091;0
1;30300;INTARIAN_PEPPER_ROOT;12088;11;12091;8;12085;6;12091;11;12096;13;12100;4;12091;0
1;30400;INTARIAN_PEPPER_ROOT;12089;16;12091;10;12085;4;12092;4;12089;15;12096;5;12091;0
1;30500;INTARIAN_PEPPER_ROOT;12087;15;12084;15;12090;12;12096;9;12097;1;12100;2;12092;0
1;30600;INTARIAN_PEPPER_ROOT;12089;6;12089;9;12089;11;12092;12;12096;19;12101;18;12092;0
1;30700;INTARIAN_PEPPER_ROOT;12094;2;12086;18;12085;8;12093;12;12100;3;12092;7;12092;0
1;30800;INTARIAN_PEPPER_ROOT;12092;6;12084;13;12085;11;12090;4;12098;3;12098;3;12092;0
1;30900;INTARIAN_PEPPER_ROOT;12096;16;12087;15;12087;8;12096;13;12095;12;12094;11;12093;0
1;31000;INTARIAN_PEPPER_ROOT;12095;10;12088;13;12084;3;12095;18;12092;2;12094;17;12093;0
1;31100;INTARIAN_PEPPER_ROOT;12092;15;12088;4;12084;17;12093;7;12095;15;12098;14;12093;0
1;31200;INTARIAN_PEPPER_ROOT;12097;10;12088;9;12087;4;12095;3;12102;5;12101;1;12094;0
1;31300;INTARIAN_PEPPER_ROOT;12093;11;12090;13;12081;15;12099;10;12099;7;12095;13;12094;0
1;31400;INTARIAN_PEPPER_ROOT;12094;2;12097;10;12085;4;12093;12;12100;12;12101;7;12094;0
1;31500;INTARIAN_PEPPER_ROOT;12092;1;12086;12;12088;16;12094;8;12097;18;12098;4;12095;0
1;31600;INTARIAN_PEPPER_ROOT;12093;14;12094;18;12097;5;12101;12;12100;4;12101;18;12095;0
1;31700;INTARIAN_PEPPER_ROOT;12091;4;12091;17;12087;13;12097;15;12094;17;12109;10;12095;0
1;31800;INTARIAN_PEPPER_ROOT;12096;7;12090;5;12091;19;12099;11;12102;13;12100;17;12095;0
1;31900;INTARIAN_PEPPER_ROOT;12090;8;12086;4;12089;17;12099;16;12097;10;12099;15;12096;0
1;32000;INTARIAN_PEPPER_ROOT;12096;13;12094;3;12091;5;12098;3;12094;17;12102;7;12096;0
1;32100;INTARIAN_PEPPER_ROOT;12093;18;12088;14;12087;12;12097;6;12107;13;12101;15;12096;0
1;32200;INTARIAN_PEPPER_ROOT;12099;15;12095;10;12086;7;12101;11;12101;16;12102;6;12097;0
1;32300;INTARIAN_PEPPER_ROOT;12097;13;12098;12;12095;1;12102;5;12101;12;12103;12;12097;0
1;32400;INTARIAN_PEPPER_ROOT;12100;16;12089;17;12087;19;12102;19;12095;10;12102;14;12097;0
1;32500;INTARIAN_PEPPER_ROOT;12098;10;12098;10;12096;10;12096;13;12104;6;12100;3;12098;0
1;32600;INTARIAN_PEPPER_ROOT;12091;3;12094;12;12091;9;12104;8;12105;6;12106;17;12098;0
1;32700;INTARIAN_PEPPER_ROOT;12096;10;12088;6;12090;11;12099;15;12101;2;12108;9;12098;0
1;32800;INTARIAN_PEPPER_ROOT;12092;19;12090;16;12090;4;12098;19;12105;6;12103;18;12098;0
1;32900;INTARIAN_PEPPER_ROOT;12095;15;12096;1;12098;17;12100;1;12107;16;12106;1;12099;0
1;33000;INTARIAN_PEPPER_ROOT;12102;7;12096;11;12091;9;12103;11;12105;6;12099;17;12099;0
1;33100;INTARIAN_PEPPER_ROOT;12099;7;12090;16;12092;10;12103;9;12097;9;12105;14;12099;0
1;33200;INTARIAN_PEPPER_ROOT;12096;18;12096;14;12097;18;12101;15;12101;8;12112;18;12100;0
1;33300;INTARIAN_PEPPER_ROOT;12095;2;12098;3;12095;5;12105;6;12109;16;12108;8;12100;0
1;33400;INTARIAN_PEPPER_ROOT;12098;18;12099;17;12100;17;12102;7;12104;11;12106;3;12100;0
1;33500;INTARIAN_PEPPER_ROOT;12095;13;12096;8;12098;9;12101;15;12105;8;12107;4;12101;0
1;33600;INTARIAN_PEPPER_ROOT;12097;16;12098;10;12093;3;12101;17;12103;18;12106;16;12101;0
1;33700;INTARIAN_PEPPER_ROOT;12100;7;12100;10;12099;9;12104;3;12103;1;12108;5;12101;0
1;33800;INTARIAN_PEPPER_ROOT;12102;13;12100;7;12089;9;12103;12;12109;3;12110;3;12101;0
1;33900;INTARIAN_PEPPER_ROOT;12102;7;12101;7;12098;11;12100;15;12110;3;12106;1;12102;0
1;34000;INTARIAN_PEPPER_ROOT;12093;1;12098;18;12094;11;12107;4;12108;2;12110;1;12102;0
1;34100;INTARIAN_PEPPER_ROOT;12101;9;12098;13;12098;6;12103;13;12108;3;12106;16;12102;0
1;34200;INTARIAN_PEPPER_ROOT;12101;19;12100;19;12103;18;12110;19;12109;14;12108;9;12103;0
1;34300;INTARIAN_PEPPER_ROOT;12102;5;12097;7;12092;7;12101;17;12107;14;12106;1;12103;0
1;34400;INTARIAN_PEPPER_ROOT;12106;4;12102;6;12100;13;12104;4;12103;2;12109;19;12103;0
1;34500;INTARIAN_PEPPER_ROOT;12096;18;12095;10;12101;19;12104;19;12104;1;12110;7;12104;0
1;34600;INTARIAN_PEPPER_ROOT;12100;18;12098;12;12100;3;12103;7;12112;18;12111;16;12104;0
1;34700;INTARIAN_PEPPER_ROOT;12104;17;12100;2;12095;10;12105;10;12108;16;12111;13;12104;0
1;34800;INTARIAN_PEPPER_ROOT;12097;19;12101;7;12098;2;12111;6;12109;16;12112;8;12104;0
1;34900;INTARIAN_PEPPER_ROOT;12107;19;12103;9;12096;17;12107;14;12110;14;12117;16;12105;0
1;35000;INTARIAN_PEPPER_ROOT;12104;18;12105;2;12100;16;12105;3;12110;8;12113;6;12105;0
1;35100;INTARIAN_PEPPER_ROOT;12106;19;12101;12;12095;19;12102;14;12110;7;12105;19;12105;0
1;35200;INTARIAN_PEPPER_ROOT;12102;15;12100;3;12099;18;12103;2;12112;7;12111;2;12106;0
1;35300;INTARIAN_PEPPER_ROOT;12106;6;12102;17;12102;16;12106;17;12108;10;12112;6;12106;0
1;35400;INTARIAN_PEPPER_ROOT;12107;9;12101;10;12098;7;12106;7;12114;1;12107;19;12106;0
1;35500;INTARIAN_PEPPER_ROOT;12106;8;12105;4;12100;8;12108;10;12109;18;12115;1;12107;0
1;35600;INTARIAN_PEPPER_ROOT;12106;10;12100;10;12098;1;12102;5;12112;19;12118;2;12107;0
1;35700;INTARIAN_PEPPER_ROOT;12106;14;12102;7;12102;4;12109;3;12107;2;12110;15;12107;0
1;35800;INTARIAN_PEPPER_ROOT;12102;5;12108;9;12101;9;12112;1;12111;10;12117;7;12107;0
1;35900;INTARIAN_PEPPER_ROOT;12106;1;12105;5;12100;16;12115;19;12110;7;12117;10;12108;0
1;36000;INTARIAN_PEPPER_ROOT;12106;12;12101;9;12100;17;12104;3;12112;8;12115;8;12108;0
1;36100;INTARIAN_PEPPER_ROOT;12107;19;12103;3;12102;12;12108;2;12114;8;12116;8;12108;0
1;36200;INTARIAN_PEPPER_ROOT;12110;17;12098;6;12100;4;12108;10;12113;10;12113;18;12109;0
1;36300;INTARIAN_PEPPER_ROOT;12104;1;12105;8;12103;7;12111;19;12119;19;12118;14;12109;0
1;36400;INTARIAN_PEPPER_ROOT;12107;12;12110;15;12103;4;12107;2;12115;14;12119;6;12109;0
1;36500;INTARIAN_PEPPER_ROOT;12112;11;12102;18;12104;16;12117;5;12113;19;12117;19;12110;0
1;36600;INTARIAN_PEPPER_ROOT;12106;9;12102;17;12102;17;12112;11;12114;6;12117;5;12110;0
1;36700;INTARIAN_PEPPER_ROOT;12106;13;12104;8;12106;11;12112;10;12115;16;12114;5;12110;0
1;36800;INTARIAN_PEPPER_ROOT;12109;9;12109;8;12107;8;12117;3;12116;8;12119;14;12110;0
1;36900;INTARIAN_PEPPER_ROOT;12112;18;12112;6;12107;15;12113;19;12111;8;12117;12;12111;0
1;37000;INTARIAN_PEPPER_ROOT;12109;18;12108;10;12106;16;12114;7;12117;2;12117;2;12111;0
1;37100;INTARIAN_PEPPER_ROOT;12113;13;12103;19;12101;10;12111;13;12111;17;12120;12;12111;0
1;37200;INTARIAN_PEPPER_ROOT;12113;9;12108;5;12111;15;12110;9;12118;3;12117;11;12112;0
1;37300;INTARIAN_PEPPER_ROOT;12113;12;12113;14;12106;12;12112;12;12119;10;12116;12;12112;0
1;37400;INTARIAN_PEPPER_ROOT;12112;18;12107;5;12107;18;12121;18;12117;19;12121;4;12112;0
1;37500;INTARIAN_PEPPER_ROOT;12118;6;12109;8;12105;7;12117;7;12110;13;12114;11;12113;0
1;37600;INTARIAN_PEPPER_ROOT;12110;17;12110;10;12106;4;12116;16;12112;3;12121;2;12113;0
1;37700;INTARIAN_PEPPER_ROOT;12105;12;12104;15;12111;7;12112;6;12119;18;12115;19;12113;0
1;37800;INTARIAN_PEPPER_ROOT;12116;2;12112;16;12109;4;12118;7;12110;12;12114;19;12113;0
1;37900;INTARIAN_PEPPER_ROOT;12111;15;12113;13;12107;14;12112;1;12120;5;12122;5;12114;0
1;38000;INTARIAN_PEPPER_ROOT;12112;4;12104;12;12113;4;12111;7;12121;5;12121;7;12114;0
1;38100;INTARIAN_PEPPER_ROOT;12116;10;12106;17;12105;8;12114;12;12121;17;12118;17;12114;0
1;38200;INTARIAN_PEPPER_ROOT;12108;19;12108;12;12104;1;12123;13;12118;12;12118;8;12115;0
1;38300;INTARIAN_PEPPER_ROOT;12109;15;12113;3;12103;8;12123;9;12120;8;12122;13;12115;0
1;38400;INTARIAN_PEPPER_ROOT;12108;14;12109;1;12111;14;12116;7;12120;6;12120;18;12115;0
1;38500;INTARIAN_PEPPER_ROOT;12112;2;12113;11;12108;6;12116;5;12116;17;12124;18;12116;0
1;38600;INTARIAN_PEPPER_ROOT;12115;17;12111;1;12110;17;12113;18;12122;7;12120;12;12116;0
1;38700;INTARIAN_PEPPER_ROOT;12116;7;12112;14;12113;16;12118;8;12124;11;12121;16;12116;0
1;38800;INTARIAN_PEPPER_ROOT;12115;1;12113;15;12111;2;12118;6;12122;2;12125;17;12116;0
1;38900;INTARIAN_PEPPER_ROOT;12111;19;12114;19;12107;16;12121;18;12119;5;12120;13;12117;0
1;39000;INTARIAN_PEPPER_ROOT;12108;4;12113;1;12116;9;12122;13;12123;15;12119;7;12117;0
1;39100;INTARIAN_PEPPER_ROOT;12115;7;12114;12;12110;3;12118;17;12125;15;12120;1;12117;0
1;39200;INTARIAN_PEPPER_ROOT;12115;3;12115;18;12112;14;12122;8;12125;19;12125;18;12118;0
1;39300;INTARIAN_PEPPER_ROOT;12117;12;12113;3;12110;14;12118;9;12125;3;12130;12;12118;0
1;39400;INTARIAN_PEPPER_ROOT;12118;17;12113;15;12109;4;12122;14;12117;10;12124;2;12118;0
1;39500;INTARIAN_PEPPER_ROOT;12117;10;12121;19;12114;5;12119;19;12124;3;12122;5;12119;0
1;39600;INTARIAN_PEPPER_ROOT;12119;17;12114;2;12109;9;12122;15;12125;15;12123;1;12119;0
1;39700;INTARIAN_PEPPER_ROOT;12118;18;12119;9;12113;5;12122;9;12126;3;12126;7;12119;0
1;39800;INTARIAN_PEPPER_ROOT;12119;17;12113;2;12118;11;12121;12;12125;3;12120;5;12119;0
1;39900;INTARIAN_PEPPER_ROOT;12116;4;12118;10;12116;4;12124;7;12129;16;12120;8;12120;0
1;40000;INTARIAN_PEPPER_ROOT;12117;4;12121;17;12115;15;12117;9;12119;3;12127;18;12120;0
1;40100;INTARIAN_PEPPER_ROOT;12119;6;12115;5;12111;5;12119;8;12126;17;12129;17;12120;0
1;40200;INTARIAN_PEPPER_ROOT;12121;13;12115;16;12115;2;12122;2;12126;15;12130;17;12121;0
1;40300;INTARIAN_PEPPER_ROOT;12118;17;12116;16;12113;8;12119;17;12128;11;12128;18;12121;0
1;40400;INTARIAN_PEPPER_ROOT;12121;6;12117;1;12119;5;12122;3;12130;3;12131;2;12121;0
1;40500;INTARIAN_PEPPER_ROOT;12119;13;12119;11;12115;6;12123;6;12123;6;12127;15;12122;0
1;40600;INTARIAN_PEPPER_ROOT;12120;4;12118;5;12114;8;12128;5;12131;4;12127;16;12122;0
1;40700;INTARIAN_PEPPER_ROOT;12122;11;12117;19;12115;4;12124;5;12128;8;12128;3;12122;0
1;40800;INTARIAN_PEPPER_ROOT;12114;15;12124;14;12114;2;12127;10;12125;4;12129;7;12122;0
1;40900;INTARIAN_PEPPER_ROOT;12117;8;12118;10;12118;12;12126;19;12124;4;12141;8;12123;0
1;41000;INTARIAN_PEPPER_ROOT;12117;4;12117;13;12122;13;12123;7;12128;7;12128;12;12123;0
1;41100;INTARIAN_PEPPER_ROOT;12114;8;12121;4;12117;16;12125;14;12128;1;12130;1;12123;0
1;41200;INTARIAN_PEPPER_ROOT;12120;15;12123;10;12115;11;12128;14;12129;18;12135;2;12124;0
1;41300;INTARIAN_PEPPER_ROOT;12124;18;12124;15;12118;9;12130;15;12126;16;12132;17;12124;0
1;41400;INTARIAN_PEPPER_ROOT;12121;12;12126;18;12114;3;12126;12;12130;6;12125;9;12124;0
1;41500;INTARIAN_PEPPER_ROOT;12124;13;12122;3;12128;1;12122;15;12128;4;12136;3;12125;0
1;41600;INTARIAN_PEPPER_ROOT;12126;8;12120;18;12124;2;12122;15;12133;17;12132;6;12125;0
1;41700;INTARIAN_PEPPER_ROOT;12127;18;12115;6;12123;12;12126;13;12134;2;12122;13;12125;0
1;41800;INTARIAN_PEPPER_ROOT;12123;17;12118;17;12121;9;12120;11;12127;15;12130;3;12125;0
1;41900;INTARIAN_PEPPER_ROOT;12128;19;12123;18;12120;16;12133;2;12130;3;12130;11;12126;0
1;42000;INTARIAN_PEPPER_ROOT;12124;17;12118;16;12120;18;12130;10;12133;2;12131;15;12126;0
1;42100;INTARIAN_PEPPER_ROOT;12121;11;12117;19;12119;12;12126;15;12131;18;12132;5;12126;0
1;42200;INTARIAN_PEPPER_ROOT;12123;19;12123;11;12128;4;12126;7;12127;11;12135;6;12127;0
1;42300;INTARIAN_PEPPER_ROOT;12121;12;12125;15;12120;17;12132;5;12134;7;12137;12;12127;0
1;42400;INTARIAN_PEPPER_ROOT;12122;12;12122;18;12119;17;12126;12;12129;1;12137;14;12127;0
1;42500;INTARIAN_PEPPER_ROOT;12125;13;12127;4;12122;1;12127;3;12133;13;12139;6;12128;0
1;42600;INTARIAN_PEPPER_ROOT;12128;4;12126;14;12124;15;12128;14;12129;11;12133;18;12128;0
1;42700;INTARIAN_PEPPER_ROOT;12131;16;12127;15;12112;5;12130;19;12134;1;12128;6;12128;0
1;42800;INTARIAN_PEPPER_ROOT;12122;7;12131;10;12123;5;12132;10;12131;14;12126;11;12128;0
1;42900;INTARIAN_PEPPER_ROOT;12128;13;12133;12;12115;13;12135;1;12136;11;12137;3;12129;0
1;43000;INTARIAN_PEPPER_ROOT;12124;17;12127;13;12127;9;12134;6;12132;17;12135;15;12129;0
1;43100;INTARIAN_PEPPER_ROOT;12128;3;12124;9;12118;8;12131;1;12132;15;12139;11;12129;0
1;43200;INTARIAN_PEPPER_ROOT;12128;6;12126;12;12122;9;12135;9;12135;12;12137;13;12130;0
1;43300;INTARIAN_PEPPER_ROOT;12123;18;12131;9;12118;4;12130;6;12131;2;12131;18;12130;0
1;43400;INTARIAN_PEPPER_ROOT;12131;7;12123;9;12129;5;12127;15;12139;4;12134;6;12130;0
1;43500;INTARIAN_PEPPER_ROOT;12127;13;12131;9;12125;18;12131;17;12136;6;12138;7;12131;0
1;43600;INTARIAN_PEPPER_ROOT;12127;11;12126;9;12132;17;12131;9;12133;19;12134;6;12131;0
1;43700;INTARIAN_PEPPER_ROOT;12126;17;12128;7;12131;8;12131;19;12134;7;12142;11;12131;0
1;43800;INTARIAN_PEPPER_ROOT;12127;10;12125;3;12129;18;12130;9;12135;10;12136;6;12131;0
1;43900;INTARIAN_PEPPER_ROOT;12131;9;12124;11;12122;17;12133;3;12139;17;12137;8;12132;0
1;44000;INTARIAN_PEPPER_ROOT;12129;1;12127;9;12126;19;12136;18;12133;1;12133;6;12132;0
1;44100;INTARIAN_PEPPER_ROOT;12131;10;12132;1;12130;19;12139;8;12135;13;12144;6;12132;0
1;44200;INTARIAN_PEPPER_ROOT;12132;12;12127;11;12128;14;12130;17;12137;17;12138;2;12133;0
1;44300;INTARIAN_PEPPER_ROOT;12135;14;12134;17;12126;1;12131;14;12142;17;12140;10;12133;0
1;44400;INTARIAN_PEPPER_ROOT;12130;15;12127;5;12128;16;12133;18;12140;10;12137;15;12133;0
1;44500;INTARIAN_PEPPER_ROOT;12128;15;12127;18;12129;19;12138;13;12143;8;12139;5;12134;0
1;44600;INTARIAN_PEPPER_ROOT;12135;9;12131;11;12124;19;12135;12;12138;4;12141;15;12134;0
1;44700;INTARIAN_PEPPER_ROOT;12131;2;12132;8;12126;14;12134;5;12142;12;12141;14;12134;0
1;44800;INTARIAN_PEPPER_ROOT;12135;5;12131;17;12130;19;12138;6;12142;18;12142;2;12134;0
1;44900;INTARIAN_PEPPER_ROOT;12134;8;12131;19;12132;15;12140;7;12141;10;12144;18;12135;0
1;45000;INTARIAN_PEPPER_ROOT;12133;19;12136;18;12130;6;12137;6;12141;13;12143;5;12135;0
1;45100;INTARIAN_PEPPER_ROOT;12134;15;12131;15;12128;4;12135;12;12137;6;12143;8;12135;0
1;45200;INTARIAN_PEPPER_ROOT;12140;17;12131;12;12129;12;12139;17;12145;15;12140;4;12136;0
1;45300;INTARIAN_PEPPER_ROOT;12140;19;12129;17;12128;4;12137;1;12139;9;12141;13;12136;0
1;45400;INTARIAN_PEPPER_ROOT;12134;3;12136;17;12130;13;12137;12;12142;7;12138;8;12136;0
1;45500;INTARIAN_PEPPER_ROOT;12135;1;12132;17;12134;9;12137;15;12143;5;12142;5;12137;0
1;45600;INTARIAN_PEPPER_ROOT;12138;11;12132;16;12138;11;12142;9;12137;13;12144;11;12137;0
1;45700;INTARIAN_PEPPER_ROOT;12132;6;12136;7;12127;3;12140;6;12141;1;12144;10;12137;0
1;45800;INTARIAN_PEPPER_ROOT;12136;17;12139;19;12135;7;12142;9;12142;18;12145;6;12137;0
1;45900;INTARIAN_PEPPER_ROOT;12136;9;12135;16;12133;14;12144;16;12142;19;12148;12;12138;0
1;46000;INTARIAN_PEPPER_ROOT;12137;1;12134;17;12127;13;12141;18;12142;19;12140;13;12138;0
1;46100;INTARIAN_PEPPER_ROOT;12133;5;12134;3;12132;18;12138;13;12146;19;12138;16;12138;0
1;46200;INTARIAN_PEPPER_ROOT;12132;7;12134;1;12132;16;12144;10;12141;16;12144;17;12139;0
1;46300;INTARIAN_PEPPER_ROOT;12131;1;12134;19;12133;19;12142;13;12139;16;12149;14;12139;0
1;46400;INTARIAN_PEPPER_ROOT;12134;7;12134;12;12136;5;12149;13;12141;9;12149;16;12139;0
1;46500;INTARIAN_PEPPER_ROOT;12137;11;12139;12;12140;6;12143;15;12146;4;12147;6;12140;0
1;46600;INTARIAN_PEPPER_ROOT;12137;17;12136;14;12138;10;12144;3;12147;1;12145;15;12140;0
1;46700;INTARIAN_PEPPER_ROOT;12144;13;12140;14;12135;10;12143;2;12146;1;12147;15;12140;0
1;46800;INTARIAN_PEPPER_ROOT;12141;2;12136;1;12135;10;12142;7;12147;14;12149;13;12140;0
1;46900;INTARIAN_PEPPER_ROOT;12136;8;12136;6;12141;4;12142;5;12146;4;12145;17;12141;0
1;47000;INTARIAN_PEPPER_ROOT;12140;15;12141;11;12132;5;12144;12;12143;3;12145;15;12141;0
1;47100;INTARIAN_PEPPER_ROOT;12138;8;12137;1;12139;7;12145;10;12142;17;12147;11;12141;0
1;47200;INTARIAN_PEPPER_ROOT;12139;11;12138;17;12133;18;12147;18;12142;3;12151;11;12142;0
1;47300;INTARIAN_PEPPER_ROOT;12141;19;12138;4;12131;6;12145;15;12145;3;12151;11;12142;0
1;47400;INTARIAN_PEPPER_ROOT;12142;3;12142;9;12138;11;12143;3;12148;10;12142;7;12142;0
1;47500;INTARIAN_PEPPER_ROOT;12140;10;12140;3;12132;10;12144;17;12148;5;12152;13;12143;0
1;47600;INTARIAN_PEPPER_ROOT;12144;12;12143;2;12136;8;12141;15;12147;2;12149;16;12143;0
1;47700;INTARIAN_PEPPER_ROOT;12138;16;12138;9;12141;6;12150;8;12144;14;12151;9;12143;0
1;47800;INTARIAN_PEPPER_ROOT;12141;16;12142;15;12134;10;12143;2;12155;10;12148;15;12143;0
1;47900;INTARIAN_PEPPER_ROOT;12150;6;12141;6;12143;1;12149;16;12146;10;12151;11;12144;0
1;48000;INTARIAN_PEPPER_ROOT;12143;9;12143;9;12131;18;12147;4;12148;5;12150;14;12144;0
1;48100;INTARIAN_PEPPER_ROOT;12146;16;12143;18;12141;6;12147;5;12151;13;12148;14;12144;0
1;48200;INTARIAN_PEPPER_ROOT;12143;16;12138;8;12135;15;12147;9;12149;11;12149;1;12145;0
1;48300;INTARIAN_PEPPER_ROOT;12145;16;12141;16;12138;3;12145;2;12147;11;12150;6;12145;0
1;48400;INTARIAN_PEPPER_ROOT;12143;13;12144;19;12140;16;12144;8;12151;18;12147;14;12145;0
1;48500;INTARIAN_PEPPER_ROOT;12143;6;12145;11;12139;1;12153;5;12146;11;12151;2;12146;0
1;48600;INTARIAN_PEPPER_ROOT;12142;7;12146;12;12139;8;12148;2;12155;18;12151;5;12146;0
1;48700;INTARIAN_PEPPER_ROOT;12145;13;12142;17;12136;9;12151;18;12151;17;12155;6;12146;0
1;48800;INTARIAN_PEPPER_ROOT;12141;5;12147;13;12144;19;12152;5;12149;3;12154;16;12146;0
1;48900;INTARIAN_PEPPER_ROOT;12147;13;12141;12;12137;13;12148;11;12147;5;12159;8;12147;0
1;49000;INTARIAN_PEPPER_ROOT;12148;10;12139;17;12137;13;12150;16;12148;14;12148;17;12147;0
1;49100;INTARIAN_PEPPER_ROOT;12146;9;12142;18;12141;18;12149;10;12151;3;12152;17;12147;0
1;49200;INTARIAN_PEPPER_ROOT;12145;7;12148;6;12140;17;12147;6;12158;14;12158;13;12148;0
1;49300;INTARIAN_PEPPER_ROOT;12147;15;12141;15;12145;4;12149;15;12153;8;12155;18;12148;0
1;49400;INTARIAN_PEPPER_ROOT;12145;9;12140;5;12140;8;12152;14;12153;6;12153;1;12148;0
1;49500;INTARIAN_PEPPER_ROOT;12150;6;12140;14;12143;2;12150;1;12154;11;12152;12;12149;0
1;49600;INTARIAN_PEPPER_ROOT;12142;8;12147;2;12143;15;12150;16;12160;6;12157;13;12149;0
1;49700;INTARIAN_PEPPER_ROOT;12146;10;12141;6;12146;14;12150;3;12152;10;12156;2;12149;0
1;49800;INTARIAN_PEPPER_ROOT;12141;12;12147;16;12141;1;12157;15;12158;15;12154;13;12149;0
1;49900;INTARIAN_PEPPER_ROOT;12144;19;12145;16;12139;10;12146;2;12153;11;12159;3;12150;0
1;50000;INTARIAN_PEPPER_ROOT;12152;7;12144;9;12142;17;12154;2;12152;19;12163;2;12150;0
1;50100;INTARIAN_PEPPER_ROOT;12151;4;12143;15;12147;18;12151;3;12154;10;12153;1;12150;0
1;50200;INTARIAN_PEPPER_ROOT;12147;19;12148;10;12146;7;12151;15;12155;16;12159;15;12151;0
1;50300;INTARIAN_PEPPER_ROOT;12144;3;12145;2;12144;9;12152;9;12157;10;12157;9;12151;0
1;50400;INTARIAN_PEPPER_ROOT;12140;18;12147;16;12145;6;12155;12;12148;16;12159;7;12151;0
1;50500;INTARIAN_PEPPER_ROOT;12148;3;12149;2;12145;17;12156;6;12156;18;12162;13;12152;0
1;50600;INTARIAN_PEPPER_ROOT;12157;7;12150;16;12148;6;12155;3;12154;17;12162;3;12152;0
1;50700;INTARIAN_PEPPER_ROOT;12151;19;12151;17;12147;2;12157;15;12154;1;12157;18;12152;0
1;50800;INTARIAN_PEPPER_ROOT;12148;4;12148;1;12145;16;12158;16;12152;3;12153;1;12152;0
1;50900;INTARIAN_PEPPER_ROOT;12152;4;12146;19;12150;19;12157;16;12156;18;12159;5;12153;0
1;51000;INTARIAN_PEPPER_ROOT;12146;12;12150;12;12151;4;12153;2;12155;15;12159;14;12153;0
1;51100;INTARIAN_PEPPER_ROOT;12150;4;12151;12;12144;8;12156;18;12156;12;12151;3;12153;0
1;51200;INTARIAN_PEPPER_ROOT;12152;1;12149;7;12145;15;12157;11;12153;13;12163;6;12154;0
1;51300;INTARIAN_PEPPER_ROOT;12152;14;12149;4;12155;17;12154;4;12158;1;12158;6;12154;0
1;51400;INTARIAN_PEPPER_ROOT;12154;19;12157;1;12150;1;12151;4;12156;10;12160;1;12154;0
1;51500;INTARIAN_PEPPER_ROOT;12154;15;12147;9;12154;1;12151;10;12154;2;12159;11;12155;0
1;51600;INTARIAN_PEPPER_ROOT;12155;19;12152;16;12152;18;12157;12;12157;12;12160;15;12155;0
1;51700;INTARIAN_PEPPER_ROOT;12151;11;12154;1;12150;4;12158;1;12157;11;12165;1;12155;0
1;51800;INTARIAN_PEPPER_ROOT;12156;12;12150;5;12143;1;12153;10;12159;13;12161;6;12155;0
1;51900;INTARIAN_PEPPER_ROOT;12159;19;12151;16;12146;12;12161;5;12158;14;12168;16;12156;0
1;52000;INTARIAN_PEPPER_ROOT;12151;10;12151;9;12152;6;12158;18;12156;19;12164;14;12156;0
1;52100;INTARIAN_PEPPER_ROOT;12151;1;12152;2;12147;1;12162;12;12157;10;12164;12;12156;0
1;52200;INTARIAN_PEPPER_ROOT;12159;5;12156;19;12151;9;12160;8;12156;16;12162;1;12157;0
1;52300;INTARIAN_PEPPER_ROOT;12154;12;12152;7;12154;11;12156;9;12164;9;12163;15;12157;0
1;52400;INTARIAN_PEPPER_ROOT;12159;17;12162;4;12151;13;12160;16;12165;15;12166;12;12157;0
1;52500;INTARIAN_PEPPER_ROOT;12155;12;12153;11;12153;6;12162;14;12166;6;12168;19;12158;0
1;52600;INTARIAN_PEPPER_ROOT;12160;8;12158;2;12156;19;12158;8;12160;9;12165;10;12158;0
1;52700;INTARIAN_PEPPER_ROOT;12156;7;12156;14;12156;11;12156;16;12166;12;12166;14;12158;0
1;52800;INTARIAN_PEPPER_ROOT;12157;13;12154;13;12152;2;12160;12;12163;19;12164;10;12158;0
1;52900;INTARIAN_PEPPER_ROOT;12162;18;12159;18;12157;15;12158;2;12161;18;12166;16;12159;0
1;53000;INTARIAN_PEPPER_ROOT;12156;6;12150;6;12150;8;12164;12;12161;6;12165;10;12159;0
1;53100;INTARIAN_PEPPER_ROOT;12154;11;12156;9;12154;12;12160;18;12162;9;12165;13;12159;0
1;53200;INTARIAN_PEPPER_ROOT;12157;9;12154;13;12156;13;12167;17;12164;2;12169;9;12160;0
1;53300;INTARIAN_PEPPER_ROOT;12159;5;12155;4;12154;15;12156;1;12165;14;12166;6;12160;0
1;53400;INTARIAN_PEPPER_ROOT;12153;8;12155;7;12153;4;12162;17;12164;2;12164;4;12160;0
1;53500;INTARIAN_PEPPER_ROOT;12161;2;12154;3;12152;7;12167;19;12164;1;12166;5;12161;0
1;53600;INTARIAN_PEPPER_ROOT;12157;11;12152;14;12155;19;12160;4;12169;15;12166;12;12161;0
1;53700;INTARIAN_PEPPER_ROOT;12162;3;12158;13;12150;14;12163;13;12165;9;12168;19;12161;0
1;53800;INTARIAN_PEPPER_ROOT;12152;10;12157;2;12155;1;12162;15;12164;4;12165;6;12161;0
1;53900;INTARIAN_PEPPER_ROOT;12158;18;12157;3;12156;11;12162;1;12165;15;12171;8;12162;0
1;54000;INTARIAN_PEPPER_ROOT;12155;3;12160;8;12158;15;12165;16;12166;15;12167;8;12162;0
1;54100;INTARIAN_PEPPER_ROOT;12158;5;12159;13;12152;10;12160;8;12162;16;12173;10;12162;0
1;54200;INTARIAN_PEPPER_ROOT;12162;14;12158;16;12158;15;12165;6;12164;16;12169;16;12163;0
1;54300;INTARIAN_PEPPER_ROOT;12160;18;12168;9;12159;12;12167;5;12174;11;12171;4;12163;0
1;54400;INTARIAN_PEPPER_ROOT;12160;19;12162;16;12157;16;12164;10;12162;18;12172;5;12163;0
1;54500;INTARIAN_PEPPER_ROOT;12162;3;12167;8;12159;10;12163;16;12169;11;12174;3;12164;0
1;54600;INTARIAN_PEPPER_ROOT;12163;5;12159;12;12159;19;12169;16;12169;14;12172;2;12164;0
1;54700;INTARIAN_PEPPER_ROOT;12159;19;12161;5;12150;9;12168;5;12171;3;12178;9;12164;0
1;54800;INTARIAN_PEPPER_ROOT;12164;10;12156;13;12155;13;12163;16;12169;11;12170;3;12164;0
1;54900;INTARIAN_PEPPER_ROOT;12165;16;12160;18;12165;7;12163;16;12175;6;12166;13;12165;0
1;55000;INTARIAN_PEPPER_ROOT;12164;1;12159;6;12161;16;12164;2;12170;16;12171;4;12165;0
1;55100;INTARIAN_PEPPER_ROOT;12165;3;12170;14;12157;12;12169;6;12173;13;12173;17;12165;0
1;55200;INTARIAN_PEPPER_ROOT;12165;4;12160;9;12161;3;12169;1;12173;14;12173;5;12166;0
1;55300;INTARIAN_PEPPER_ROOT;12170;2;12161;10;12162;6;12170;19;12175;15;12169;7;12166;0
1;55400;INTARIAN_PEPPER_ROOT;12164;17;12158;11;12165;12;12167;9;12170;12;12171;19;12166;0
1;55500;INTARIAN_PEPPER_ROOT;12164;16;12165;9;12160;1;12166;6;12172;2;12171;8;12167;0
1;55600;INTARIAN_PEPPER_ROOT;12163;8;12160;13;12159;18;12172;17;12170;5;12171;15;12167;0
1;55700;INTARIAN_PEPPER_ROOT;12162;2;12166;7;12160;2;12167;14;12171;19;12173;17;12167;0
1;55800;INTARIAN_PEPPER_ROOT;12161;3;12158;4;12159;2;12170;18;12172;14;12174;11;12167;0
1;55900;INTARIAN_PEPPER_ROOT;12163;5;12164;8;12160;17;12165;16;12166;19;12172;14;12168;0
1;56000;INTARIAN_PEPPER_ROOT;12166;14;12158;9;12163;4;12168;19;12172;2;12172;2;12168;0
1;56100;INTARIAN_PEPPER_ROOT;12167;16;12163;17;12161;17;12173;5;12175;4;12176;6;12168;0
1;56200;INTARIAN_PEPPER_ROOT;12167;11;12164;13;12163;7;12169;4;12169;13;12172;3;12169;0
1;56300;INTARIAN_PEPPER_ROOT;12165;18;12163;9;12169;19;12173;2;12170;1;12172;18;12169;0
1;56400;INTARIAN_PEPPER_ROOT;12170;18;12163;17;12160;6;12164;7;12176;2;12182;17;12169;0
1;56500;INTARIAN_PEPPER_ROOT;12170;15;12169;1;12165;9;12170;11;12178;7;12174;1;12170;0
1;56600;INTARIAN_PEPPER_ROOT;12168;2;12173;14;12161;17;12171;11;12172;13;12171;11;12170;0
1;56700;INTARIAN_PEPPER_ROOT;12166;17;12167;18;12167;6;12177;13;12175;19;12172;13;12170;0
1;56800;INTARIAN_PEPPER_ROOT;12170;18;12163;14;12167;6;12168;14;12174;19;12170;10;12170;0
1;56900;INTARIAN_PEPPER_ROOT;12170;11;12167;12;12162;19;12175;16;12179;9;12182;19;12171;0
1;57000;INTARIAN_PEPPER_ROOT;12165;12;12166;11;12163;3;12176;10;12173;14;12177;1;12171;0
1;57100;INTARIAN_PEPPER_ROOT;12169;15;12170;4;12167;12;12171;6;12174;6;12174;2;12171;0
1;57200;INTARIAN_PEPPER_ROOT;12171;12;12169;3;12165;8;12173;9;12180;14;12180;19;12172;0
1;57300;INTARIAN_PEPPER_ROOT;12167;7;12163;3;12170;18;12174;17;12173;17;12183;11;12172;0
1;57400;INTARIAN_PEPPER_ROOT;12171;14;12171;18;12162;11;12170;16;12175;13;12177;12;12172;0
1;57500;INTARIAN_PEPPER_ROOT;12167;15;12172;8;12170;7;12174;18;12177;3;12184;8;12173;0
1;57600;INTARIAN_PEPPER_ROOT;12175;3;12173;19;12174;7;12179;11;12182;6;12178;4;12173;0
1;57700;INTARIAN_PEPPER_ROOT;12175;13;12167;12;12168;15;12177;15;12173;18;12175;8;12173;0
1;57800;INTARIAN_PEPPER_ROOT;12170;4;12170;15;12165;2;12175;8;12175;15;12184;12;12173;0
1;57900;INTARIAN_PEPPER_ROOT;12173;11;12166;18;12166;15;12176;1;12180;16;12178;5;12174;0
1;58000;INTARIAN_PEPPER_ROOT;12165;3;12170;10;12168;2;12178;15;12180;1;12178;3;12174;0
1;58100;INTARIAN_PEPPER_ROOT;12169;19;12171;2;12170;13;12178;2;12179;8;12183;18;12174;0
1;58200;INTARIAN_PEPPER_ROOT;12172;13;12169;16;12165;8;12175;13;12179;10;12181;14;12175;0
1;58300;INTARIAN_PEPPER_ROOT;12170;9;12172;7;12168;5;12182;19;12179;15;12181;4;12175;0
1;58400;INTARIAN_PEPPER_ROOT;12175;10;12172;3;12169;5;12181;1;12174;2;12180;2;12175;0
1;58500;INTARIAN_PEPPER_ROOT;12180;12;12171;5;12175;16;12180;14;12180;15;12180;2;12176;0
1;58600;INTARIAN_PEPPER_ROOT;12170;3;12176;19;12176;17;12175;17;12184;12;12183;17;12176;0
1;58700;INTARIAN_PEPPER_ROOT;12171;10;12171;9;12170;9;12175;12;12176;12;12183;2;12176;0
1;58800;INTARIAN_PEPPER_ROOT;12175;14;12172;11;12167;1;12177;14;12178;17;12181;1;12176;0
1;58900;INTARIAN_PEPPER_ROOT;12180;5;12169;16;12171;15;12179;18;12180;15;12185;1;12177;0
1;59000;INTARIAN_PEPPER_ROOT;12171;10;12175;12;12172;3;12174;15;12180;14;12184;10;12177;0
1;59100;INTARIAN_PEPPER_ROOT;12176;7;12172;4;12175;11;12180;1;12187;10;12184;11;12177;0
1;59200;INTARIAN_PEPPER_ROOT;12181;4;12177;2;12171;17;12184;15;12179;19;12183;6;12178;0
1;59300;INTARIAN_PEPPER_ROOT;12171;19;12170;18;12169;3;12182;15;12179;17;12183;5;12178;0
1;59400;INTARIAN_PEPPER_ROOT;12172;12;12175;4;12172;7;12178;5;12184;6;12185;18;12178;0
1;59500;INTARIAN_PEPPER_ROOT;12176;8;12168;5;12172;9;12179;13;12181;16;12181;18;12179;0
1;59600;INTARIAN_PEPPER_ROOT;12175;7;12177;1;12172;4;12182;16;12185;11;12194;5;12179;0
1;59700;INTARIAN_PEPPER_ROOT;12179;13;12174;15;12170;8;12181;17;12182;18;12177;15;12179;0
1;59800;INTARIAN_PEPPER_ROOT;12178;3;12176;10;12169;7;12182;17;12184;8;12183;11;12179;0
1;59900;INTARIAN_PEPPER_ROOT;12173;11;12174;13;12176;18;12184;15;12179;16;12188;12;12180;0
1;60000;INTARIAN_PEPPER_ROOT;12180;5;12173;4;12175;2;12185;3;12185;5;12188;16;12180;0
1;60100;INTARIAN_PEPPER_ROOT;12176;17;12175;11;12172;16;12179;10;12185;18;12183;6;12180;0
1;60200;INTARIAN_PEPPER_ROOT;12183;15;12178;11;12177;16;12184;5;12184;4;12185;18;12181;0
1;60300;INTARIAN_PEPPER_ROOT;12177;15;12179;17;12169;7;12182;2;12181;4;12187;19;12181;0
1;60400;INTARIAN_PEPPER_ROOT;12177;3;12178;14;12174;16;12183;6;12186;19;12183;13;12181;0
1;60500;INTARIAN_PEPPER_ROOT;12182;2;12175;12;12177;12;12187;18;12188;6;12184;4;12182;0
1;60600;INTARIAN_PEPPER_ROOT;12182;9;12184;13;12179;19;12187;12;12184;10;12191;9;12182;0
1;60700;INTARIAN_PEPPER_ROOT;12181;7;12179;15;12174;9;12188;15;12184;9;12190;18;12182;0
1;60800;INTARIAN_PEPPER_ROOT;12175;14;12176;5;12179;6;12185;10;12188;15;12188;15;12182;0
1;60900;INTARIAN_PEPPER_ROOT;12183;14;12180;12;12175;13;12185;7;12192;5;12191;7;12183;0
1;61000;INTARIAN_PEPPER_ROOT;12178;8;12180;18;12179;9;12184;10;12190;7;12189;17;12183;0
1;61100;INTARIAN_PEPPER_ROOT;12182;4;12178;14;12182;9;12180;19;12188;18;12187;14;12183;0
1;61200;INTARIAN_PEPPER_ROOT;12178;7;12179;16;12175;4;12190;6;12187;18;12187;16;12184;0
1;61300;INTARIAN_PEPPER_ROOT;12183;10;12183;1;12178;8;12185;6;12188;4;12192;14;12184;0
1;61400;INTARIAN_PEPPER_ROOT;12180;5;12185;16;12180;10;12188;17;12184;10;12188;19;12184;0
1;61500;INTARIAN_PEPPER_ROOT;12179;7;12175;13;12175;15;12189;8;12189;9;12193;11;12185;0
1;61600;INTARIAN_PEPPER_ROOT;12185;5;12185;4;12180;17;12183;18;12192;10;12190;1;12185;0
1;61700;INTARIAN_PEPPER_ROOT;12184;2;12181;17;12177;19;12184;19;12189;10;12195;7;12185;0
1;61800;INTARIAN_PEPPER_ROOT;12181;12;12182;17;12176;5;12192;2;12187;1;12188;11;12185;0
1;61900;INTARIAN_PEPPER_ROOT;12188;19;12186;13;12179;1;12189;13;12188;17;12189;5;12186;0
1;62000;INTARIAN_PEPPER_ROOT;12183;19;12174;19;12179;7;12186;2;12190;5;12193;10;12186;0
1;62100;INTARIAN_PEPPER_ROOT;12184;18;12184;16;12182;1;12188;17;12186;5;12191;9;12186;0
1;62200;INTARIAN_PEPPER_ROOT;12186;13;12187;8;12181;18;12192;3;12188;16;12193;4;12187;0
1;62300;INTARIAN_PEPPER_ROOT;12183;15;12181;19;12188;10;12192;17;12196;19;12193;18;12187;0
1;62400;INTARIAN_PEPPER_ROOT;12186;2;12179;10;12179;13;12185;15;12188;18;12191;9;12187;0
1;62500;INTARIAN_PEPPER_ROOT;12184;4;12189;3;12183;14;12195;11;12190;6;12193;7;12188;0
1;62600;INTARIAN_PEPPER_ROOT;12185;14;12179;3;12182;3;12193;4;12193;15;12187;8;12188;0
1;62700;INTARIAN_PEPPER_ROOT;12190;19;12185;14;12178;18;12190;6;12191;4;12198;12;12188;0
1;62800;INTARIAN_PEPPER_ROOT;12183;18;12187;3;12187;18;12186;9;12192;8;12192;5;12188;0
1;62900;INTARIAN_PEPPER_ROOT;12180;12;12186;18;12183;6;12194;17;12196;5;12196;2;12189;0
1;63000;INTARIAN_PEPPER_ROOT;12192;3;12187;18;12181;12;12192;18;12188;5;12189;11;12189;0
1;63100;INTARIAN_PEPPER_ROOT;12195;19;12184;1;12184;10;12187;10;12195;17;12192;4;12189;0
1;63200;INTARIAN_PEPPER_ROOT;12187;7;12187;4;12187;5;12191;5;12192;17;12197;19;12190;0
1;63300;INTARIAN_PEPPER_ROOT;12182;1;12184;4;12181;16;12201;11;12193;3;12201;1;12190;0
1;63400;INTARIAN_PEPPER_ROOT;12187;15;12184;14;12184;15;12192;16;12200;8;12197;16;12190;0
1;63500;INTARIAN_PEPPER_ROOT;12188;4;12187;5;12188;7;12191;11;12191;1;12199;18;12191;0
1;63600;INTARIAN_PEPPER_ROOT;12188;6;12182;13;12185;17;12190;17;12197;16;12196;13;12191;0
1;63700;INTARIAN_PEPPER_ROOT;12186;13;12189;17;12187;2;12198;1;12198;6;12197;12;12191;0
1;63800;INTARIAN_PEPPER_ROOT;12191;19;12180;13;12184;6;12196;10;12193;12;12196;18;12191;0
1;63900;INTARIAN_PEPPER_ROOT;12192;18;12189;19;12181;17;12198;1;12194;11;12199;15;12192;0
1;64000;INTARIAN_PEPPER_ROOT;12186;4;12189;10;12185;11;12195;12;12195;4;12202;1;12192;0
1;64100;INTARIAN_PEPPER_ROOT;12192;4;12186;18;12184;6;12198;12;12194;7;12197;14;12192;0
1;64200;INTARIAN_PEPPER_ROOT;12197;16;12185;15;12187;13;12192;6;12197;3;12199;9;12193;0
1;64300;INTARIAN_PEPPER_ROOT;12192;7;12188;10;12185;19;12195;16;12200;4;12198;1;12193;0
1;64400;INTARIAN_PEPPER_ROOT;12190;2;12191;6;12188;7;12196;19;12196;17;12198;5;12193;0
1;64500;INTARIAN_PEPPER_ROOT;12192;12;12191;13;12187;5;12200;9;12201;7;12203;9;12194;0
1;64600;INTARIAN_PEPPER_ROOT;12194;13;12187;15;12190;3;12197;9;12202;9;12201;2;12194;0
1;64700;INTARIAN_PEPPER_ROOT;12187;19;12190;2;12190;12;12194;4;12199;14;12201;18;12194;0
1;64800;INTARIAN_PEPPER_ROOT;12192;10;12191;6;12185;9;12196;1;12200;17;12200;6;12194;0
1;64900;INTARIAN_PEPPER_ROOT;12192;16;12192;19;12193;18;12192;8;12197;9;12198;14;12195;0
1;65000;INTARIAN_PEPPER_ROOT;12199;11;12188;3;12187;3;12190;9;12191;17;12203;5;12195;0
1;65100;INTARIAN_PEPPER_ROOT;12192;18;12191;18;12186;5;12199;15;12201;11;12203;14;12195;0
1;65200;INTARIAN_PEPPER_ROOT;12199;10;12195;3;12193;16;12197;17;12202;1;12205;18;12196;0
1;65300;INTARIAN_PEPPER_ROOT;12191;13;12194;12;12188;9;12197;3;12201;18;12202;12;12196;0
1;65400;INTARIAN_PEPPER_ROOT;12196;19;12193;6;12190;9;12200;3;12203;5;12200;18;12196;0
1;65500;INTARIAN_PEPPER_ROOT;12196;17;12198;3;12187;9;12203;11;12199;15;12205;6;12197;0
1;65600;INTARIAN_PEPPER_ROOT;12192;8;12194;5;12190;14;12201;8;12203;17;12206;4;12197;0
1;65700;INTARIAN_PEPPER_ROOT;12196;10;12190;19;12191;11;12205;14;12205;16;12205;7;12197;0
1;65800;INTARIAN_PEPPER_ROOT;12199;12;12190;6;12190;2;12201;7;12203;12;12201;14;12197;0
1;65900;INTARIAN_PEPPER_ROOT;12195;3;12195;18;12190;8;12201;8;12206;6;12205;1;12198;0
1;66000;INTARIAN_PEPPER_ROOT;12191;5;12190;13;12192;13;12201;9;12206;13;12198;8;12198;0
1;66100;INTARIAN_PEPPER_ROOT;12196;14;12193;19;12195;11;12196;12;12198;10;12208;13;12198;0
1;66200;INTARIAN_PEPPER_ROOT;12194;2;12196;9;12190;12;12204;2;12205;13;12205;13;12199;0
1;66300;INTARIAN_PEPPER_ROOT;12196;12;12199;10;12185;12;12194;17;12201;7;12206;5;12199;0
1;66400;INTARIAN_PEPPER_ROOT;12197;10;12190;2;12197;3;12199;7;12200;14;12210;5;12199;0
1;66500;INTARIAN_PEPPER_ROOT;12193;10;12196;7;12192;6;12202;5;12203;10;12204;7;12200;0
1;66600;INTARIAN_PEPPER_ROOT;12193;17;12196;12;12192;2;12200;13;12209;19;12206;7;12200;0
1;66700;INTARIAN_PEPPER_ROOT;12199;6;12196;8;12192;12;12201;3;12202;3;12203;2;12200;0
1;66800;INTARIAN_PEPPER_ROOT;12196;16;12196;4;12190;7;12208;12;12199;14;12202;7;12200;0
1;66900;INTARIAN_PEPPER_ROOT;12191;15;12197;10;12194;4;12206;2;12201;10;12208;17;12201;0
1;67000;INTARIAN_PEPPER_ROOT;12201;19;12201;19;12194;14;12201;6;12206;11;12208;13;12201;0
1;67100;INTARIAN_PEPPER_ROOT;12200;16;12201;18;12196;5;12202;14;12203;10;12201;4;12201;0
1;67200;INTARIAN_PEPPER_ROOT;12198;10;12204;7;12194;4;12200;8;12200;3;12210;18;12202;0
1;67300;INTARIAN_PEPPER_ROOT;12196;7;12198;3;12189;2;12206;18;12202;11;12208;9;12202;0
1;67400;INTARIAN_PEPPER_ROOT;12203;15;12197;1;12192;6;12203;7;12207;8;12210;6;12202;0
1;67500;INTARIAN_PEPPER_ROOT;12202;18;12196;13;12200;17;12199;14;12209;5;12210;7;12203;0
1;67600;INTARIAN_PEPPER_ROOT;12208;6;12197;14;12194;6;12205;1;12206;18;12212;16;12203;0
1;67700;INTARIAN_PEPPER_ROOT;12202;8;12201;18;12199;9;12206;19;12209;5;12212;4;12203;0
1;67800;INTARIAN_PEPPER_ROOT;12202;10;12202;12;12195;10;12208;12;12210;9;12210;19;12203;0
1;67900;INTARIAN_PEPPER_ROOT;12201;3;12202;6;12200;6;12206;14;12206;7;12213;17;12204;0
1;68000;INTARIAN_PEPPER_ROOT;12204;6;12198;1;12198;15;12205;7;12208;9;12213;3;12204;0
1;68100;INTARIAN_PEPPER_ROOT;12204;4;12198;10;12194;13;12212;6;12206;11;12206;5;12204;0
1;68200;INTARIAN_PEPPER_ROOT;12207;15;12207;6;12195;1;12207;9;12211;12;12208;11;12205;0
1;68300;INTARIAN_PEPPER_ROOT;12201;10;12199;16;12195;7;12209;5;12207;7;12208;7;12205;0
1;68400;INTARIAN_PEPPER_ROOT;12202;12;12205;13;12202;16;12205;1;12205;7;12213;16;12205;0
1;68500;INTARIAN_PEPPER_ROOT;12203;2;12203;10;12196;10;12210;13;12210;14;12210;16;12206;0
1;68600;INTARIAN_PEPPER_ROOT;12206;11;12200;15;12199;3;12204;14;12213;14;12206;17;12206;0
1;68700;INTARIAN_PEPPER_ROOT;12208;14;12198;11;12200;7;12207;13;12212;12;12209;8;12206;0
1;68800;INTARIAN_PEPPER_ROOT;12203;14;12200;13;12201;8;12204;11;12213;10;12211;3;12206;0
1;68900;INTARIAN_PEPPER_ROOT;12204;16;12204;15;12200;6;12207;10;12214;3;12214;11;12207;0
1;69000;INTARIAN_PEPPER_ROOT;12206;3;12200;2;12196;5;12213;19;12211;11;12217;17;12207;0
1;69100;INTARIAN_PEPPER_ROOT;12204;11;12208;4;12197;19;12207;11;12209;5;12216;15;12207;0
1;69200;INTARIAN_PEPPER_ROOT;12209;10;12203;10;12199;15;12212;14;12209;2;12215;6;12208;0
1;69300;INTARIAN_PEPPER_ROOT;12199;17;12206;14;12194;1;12215;8;12207;12;12212;7;12208;0
1;69400;INTARIAN_PEPPER_ROOT;12204;14;12206;8;12203;17;12210;1;12216;10;12208;12;12208;0
1;69500;INTARIAN_PEPPER_ROOT;12205;19;12210;18;12205;7;12214;7;12212;11;12214;9;12209;0
1;69600;INTARIAN_PEPPER_ROOT;12200;1;12204;19;12200;5;12213;14;12208;14;12214;13;12209;0
1;69700;INTARIAN_PEPPER_ROOT;12204;9;12205;2;12207;13;12211;13;12217;7;12215;7;12209;0
1;69800;INTARIAN_PEPPER_ROOT;12204;14;12201;13;12203;18;12213;14;12213;7;12218;6;12209;0
1;69900;INTARIAN_PEPPER_ROOT;12207;2;12206;2;12207;9;12218;15;12217;4;12218;2;12210;0
1;70000;INTARIAN_PEPPER_ROOT;12211;13;12209;15;12206;18;12210;5;12213;2;12216;15;12210;0
1;70100;INTARIAN_PEPPER_ROOT;12207;5;12207;2;12204;10;12209;16;12212;18;12215;13;12210;0
1;70200;INTARIAN_PEPPER_ROOT;12206;2;12214;2;12199;10;12210;14;12216;6;12212;18;12211;0
1;70300;INTARIAN_PEPPER_ROOT;12209;13;12209;14;12206;12;12216;6;12217;9;12215;8;12211;0
1;70400;INTARIAN_PEPPER_ROOT;12212;9;12205;8;12207;18;12216;10;12214;18;12214;14;12211;0
1;70500;INTARIAN_PEPPER_ROOT;12207;8;12209;8;12204;15;12212;17;12220;5;12226;2;12212;0
1;70600;INTARIAN_PEPPER_ROOT;12207;7;12204;9;12206;13;12208;4;12219;4;12224;18;12212;0
1;70700;INTARIAN_PEPPER_ROOT;12212;14;12206;9;12206;2;12212;6;12218;14;12214;19;12212;0
1;70800;INTARIAN_PEPPER_ROOT;12209;12;12204;13;12203;4;12216;4;12213;7;12219;8;12212;0
1;70900;INTARIAN_PEPPER_ROOT;12213;13;12209;14;12207;2;12215;6;12213;5;12215;9;12213;0
1;71000;INTARIAN_PEPPER_ROOT;12211;15;12209;19;12205;8;12216;4;12221;15;12220;4;12213;0
1;71100;INTARIAN_PEPPER_ROOT;12213;12;12213;10;12208;7;12213;16;12210;6;12218;1;12213;0
1;71200;INTARIAN_PEPPER_ROOT;12209;2;12210;17;12206;1;12219;19;12218;1;12220;4;12214;0
1;71300;INTARIAN_PEPPER_ROOT;12212;3;12207;12;12206;9;12217;19;12218;16;12223;7;12214;0
1;71400;INTARIAN_PEPPER_ROOT;12211;19;12215;2;12203;5;12218;7;12217;19;12221;8;12214;0
1;71500;INTARIAN_PEPPER_ROOT;12209;6;12202;17;12216;16;12217;18;12219;18;12224;15;12215;0
1;71600;INTARIAN_PEPPER_ROOT;12208;9;12211;9;12208;9;12219;2;12220;3;12223;4;12215;0
1;71700;INTARIAN_PEPPER_ROOT;12215;8;12212;9;12206;1;12218;3;12217;9;12219;6;12215;0
1;71800;INTARIAN_PEPPER_ROOT;12212;19;12211;16;12211;14;12214;7;12222;17;12217;19;12215;0
1;71900;INTARIAN_PEPPER_ROOT;12211;16;12214;17;12211;12;12219;6;12222;13;12221;1;12216;0
1;72000;INTARIAN_PEPPER_ROOT;12214;10;12212;19;12212;15;12220;18;12219;6;12221;17;12216;0
1;72100;INTARIAN_PEPPER_ROOT;12217;13;12213;10;12212;7;12221;15;12218;7;12220;19;12216;0
1;72200;INTARIAN_PEPPER_ROOT;12208;11;12211;9;12214;18;12220;15;12221;6;12221;6;12217;0
1;72300;INTARIAN_PEPPER_ROOT;12211;13;12209;8;12208;9;12216;16;12227;13;12223;12;12217;0
1;72400;INTARIAN_PEPPER_ROOT;12212;19;12213;7;12211;12;12217;14;12219;13;12227;3;12217;0
1;72500;INTARIAN_PEPPER_ROOT;12220;13;12211;5;12207;11;12219;10;12227;14;12218;10;12218;0
1;72600;INTARIAN_PEPPER_ROOT;12217;3;12212;7;12211;11;12221;2;12217;6;12220;2;12218;0
1;72700;INTARIAN_PEPPER_ROOT;12218;10;12217;14;12214;5;12220;1;12219;14;12225;15;12218;0
1;72800;INTARIAN_PEPPER_ROOT;12213;16;12219;6;12209;9;12217;19;12220;9;12218;15;12218;0
1;72900;INTARIAN_PEPPER_ROOT;12214;1;12218;12;12220;4;12218;10;12226;1;12221;6;12219;0
1;73000;INTARIAN_PEPPER_ROOT;12218;7;12218;5;12213;5;12215;19;12223;15;12231;8;12219;0
1;73100;INTARIAN_PEPPER_ROOT;12217;4;12215;16;12208;15;12212;1;12227;2;12227;13;12219;0
1;73200;INTARIAN_PEPPER_ROOT;12220;14;12219;8;12216;15;12222;13;12223;1;12234;18;12220;0
1;73300;INTARIAN_PEPPER_ROOT;12217;3;12217;11;12221;16;12229;6;12224;14;12221;1;12220;0
1;73400;INTARIAN_PEPPER_ROOT;12219;12;12222;19;12207;12;12227;7;12223;2;12232;3;12220;0
1;73500;INTARIAN_PEPPER_ROOT;12219;2;12214;17;12217;5;12220;13;12231;11;12223;6;12221;0
1;73600;INTARIAN_PEPPER_ROOT;12221;18;12219;7;12212;3;12223;10;12222;7;12230;10;12221;0
1;73700;INTARIAN_PEPPER_ROOT;12221;7;12213;6;12215;12;12219;3;12223;18;12220;1;12221;0
1;73800;INTARIAN_PEPPER_ROOT;12214;8;12219;11;12211;17;12219;19;12222;6;12228;17;12221;0
1;73900;INTARIAN_PEPPER_ROOT;12213;15;12213;14;12219;10;12220;14;12228;2;12229;5;12222;0
1;74000;INTARIAN_PEPPER_ROOT;12223;8;12214;19;12215;6;12223;7;12223;3;12227;10;12222;0
1;74100;INTARIAN_PEPPER_ROOT;12224;3;12214;8;12219;12;12223;12;12231;19;12224;16;12222;0
1;74200;INTARIAN_PEPPER_ROOT;12218;18;12220;12;12214;4;12226;3;12227;19;12228;11;12223;0
1;74300;INTARIAN_PEPPER_ROOT;12215;3;12220;3;12216;17;12227;9;12228;3;12230;8;12223;0
1;74400;INTARIAN_PEPPER_ROOT;12221;10;12226;14;12210;8;12224;9;12228;7;12226;12;12223;0
1;74500;INTARIAN_PEPPER_ROOT;12225;3;12220;11;12226;12;12226;8;12228;1;12229;2;12224;0
1;74600;INTARIAN_PEPPER_ROOT;12227;14;12222;13;12224;13;12223;10;12228;16;12230;7;12224;0
1;74700;INTARIAN_PEPPER_ROOT;12224;6;12220;5;12225;17;12222;18;12228;18;12231;19;12224;0
1;74800;INTARIAN_PEPPER_ROOT;12221;18;12222;9;12223;7;12222;1;12230;14;12225;19;12224;0
1;74900;INTARIAN_PEPPER_ROOT;12220;4;12221;2;12217;9;12229;11;12227;10;12229;9;12225;0
1;75000;INTARIAN_PEPPER_ROOT;12223;13;12224;7;12219;8;12226;18;12226;8;12232;15;12225;0
1;75100;INTARIAN_PEPPER_ROOT;12222;1;12218;7;12220;2;12221;17;12231;6;12230;4;12225;0
1;75200;INTARIAN_PEPPER_ROOT;12221;3;12215;9;12221;6;12228;18;12230;14;12229;19;12226;0
1;75300;INTARIAN_PEPPER_ROOT;12230;6;12223;19;12217;4;12224;8;12224;11;12235;7;12226;0
1;75400;INTARIAN_PEPPER_ROOT;12229;17;12217;12;12217;15;12233;11;12229;9;12235;8;12226;0
1;75500;INTARIAN_PEPPER_ROOT;12228;19;12227;17;12217;13;12227;12;12236;8;12235;1;12227;0
1;75600;INTARIAN_PEPPER_ROOT;12222;12;12221;4;12220;3;12231;16;12231;14;12232;8;12227;0
1;75700;INTARIAN_PEPPER_ROOT;12228;7;12220;19;12220;8;12232;19;12229;19;12232;8;12227;0
1;75800;INTARIAN_PEPPER_ROOT;12227;6;12231;12;12220;1;12226;5;12227;3;12237;19;12227;0
1;75900;INTARIAN_PEPPER_ROOT;12227;5;12224;1;12223;9;12230;3;12230;15;12236;7;12228;0
1;76000;INTARIAN_PEPPER_ROOT;12230;7;12223;17;12218;5;12232;6;12229;9;12238;17;12228;0
1;76100;INTARIAN_PEPPER_ROOT;12228;10;12226;3;12219;15;12230;5;12233;13;12234;18;12228;0
1;76200;INTARIAN_PEPPER_ROOT;12229;14;12227;16;12221;18;12232;6;12233;16;12237;17;12229;0
1;76300;INTARIAN_PEPPER_ROOT;12229;5;12228;5;12225;12;12227;18;12232;7;12237;13;12229;0
1;76400;INTARIAN_PEPPER_ROOT;12228;1;12221;13;12224;3;12233;5;12231;4;12239;11;12229;0
1;76500;INTARIAN_PEPPER_ROOT;12223;11;12228;14;12225;14;12231;9;12239;1;12229;12;12230;0
1;76600;INTARIAN_PEPPER_ROOT;12228;5;12225;3;12221;10;12233;7;12232;19;12236;19;12230;0
1;76700;INTARIAN_PEPPER_ROOT;12226;8;12223;19;12224;1;12235;6;12232;16;12239;19;12230;0
1;76800;INTARIAN_PEPPER_ROOT;12224;14;12226;17;12222;2;12234;4;12233;14;12240;2;12230;0
1;76900;INTARIAN_PEPPER_ROOT;12234;18;12222;8;12223;18;12234;19;12235;1;12236;3;12231;0
1;77000;INTARIAN_PEPPER_ROOT;12234;11;12230;5;12226;15;12235;12;12236;18;12238;10;12231;0
1;77100;INTARIAN_PEPPER_ROOT;12233;18;12226;12;12223;7;12235;2;12238;3;12239;11;12231;0
1;77200;INTARIAN_PEPPER_ROOT;12231;6;12227;16;12226;1;12238;13;12239;6;12242;13;12232;0
1;77300;INTARIAN_PEPPER_ROOT;12234;14;12228;2;12225;14;12234;12;12243;12;12239;13;12232;0
1;77400;INTARIAN_PEPPER_ROOT;12230;19;12227;3;12222;9;12234;7;12231;1;12239;8;12232;0
1;77500;INTARIAN_PEPPER_ROOT;12232;5;12232;12;12225;8;12238;15;12238;15;12238;9;12233;0
1;77600;INTARIAN_PEPPER_ROOT;12228;15;12226;6;12225;1;12234;16;12235;18;12242;16;12233;0
1;77700;INTARIAN_PEPPER_ROOT;12232;10;12228;18;12226;4;12231;15;12243;8;12243;4;12233;0
1;77800;INTARIAN_PEPPER_ROOT;12231;17;12228;11;12222;5;12236;13;12238;3;12242;6;12233;0
1;77900;INTARIAN_PEPPER_ROOT;12228;6;12227;13;12226;11;12235;9;12232;12;12242;6;12234;0
1;78000;INTARIAN_PEPPER_ROOT;12232;19;12230;7;12231;12;12232;4;12239;15;12241;6;12234;0
1;78100;INTARIAN_PEPPER_ROOT;12232;16;12228;13;12229;2;12238;1;12239;19;12238;1;12234;0
1;78200;INTARIAN_PEPPER_ROOT;12238;14;12227;5;12228;19;12241;18;12241;6;12239;1;12235;0
1;78300;INTARIAN_PEPPER_ROOT;12236;1;12233;10;12225;1;12232;16;12237;6;12244;5;12235;0
1;78400;INTARIAN_PEPPER_ROOT;12233;2;12236;1;12229;13;12240;4;12240;2;12244;19;12235;0
1;78500;INTARIAN_PEPPER_ROOT;12235;13;12232;9;12233;6;12230;16;12239;1;12243;11;12236;0
1;78600;INTARIAN_PEPPER_ROOT;12234;10;12232;15;12235;19;12237;1;12238;14;12243;16;12236;0
1;78700;INTARIAN_PEPPER_ROOT;12233;7;12232;8;12228;9;12244;5;12241;5;12243;16;12236;0
1;78800;INTARIAN_PEPPER_ROOT;12231;16;12230;2;12227;12;12237;3;12240;6;12246;6;12236;0
1;78900;INTARIAN_PEPPER_ROOT;12235;10;12237;16;12232;5;12239;7;12244;9;12245;14;12237;0
1;79000;INTARIAN_PEPPER_ROOT;12233;9;12233;6;12232;7;12241;7;12241;2;12242;12;12237;0
1;79100;INTARIAN_PEPPER_ROOT;12231;7;12226;13;12231;19;12234;10;12243;15;12245;18;12237;0
1;79200;INTARIAN_PEPPER_ROOT;12238;19;12238;14;12230;17;12240;9;12238;11;12239;1;12238;0
1;79300;INTARIAN_PEPPER_ROOT;12237;7;12237;6;12228;1;12240;3;12246;8;12242;19;12238;0
1;79400;INTARIAN_PEPPER_ROOT;12231;5;12236;6;12234;13;12246;3;12240;5;12239;8;12238;0
1;79500;INTARIAN_PEPPER_ROOT;12237;13;12227;10;12236;17;12237;16;12246;12;12242;6;12239;0
1;79600;INTARIAN_PEPPER_ROOT;12240;1;12235;9;12232;13;12240;11;12244;14;12243;11;12239;0
1;79700;INTARIAN_PEPPER_ROOT;12240;12;12238;3;12238;9;12238;18;12243;11;12239;13;12239;0
1;79800;INTARIAN_PEPPER_ROOT;12240;11;12236;2;12234;9;12238;3;12245;15;12249;10;12239;0
1;79900;INTARIAN_PEPPER_ROOT;12238;5;12237;1;12233;15;12245;6;12238;10;12244;15;12240;0
1;80000;INTARIAN_PEPPER_ROOT;12235;15;12239;6;12230;18;12242;3;12242;3;12245;7;12240;0
1;80100;INTARIAN_PEPPER_ROOT;12235;1;12236;3;12229;18;12240;18;12246;4;12243;1;12240;0
1;80200;INTARIAN_PEPPER_ROOT;12240;19;12241;15;12233;11;12241;4;12251;16;12249;11;12241;0
1;80300;INTARIAN_PEPPER_ROOT;12240;17;12237;17;12236;12;12241;16;12245;2;12251;10;12241;0
1;80400;INTARIAN_PEPPER_ROOT;12243;4;12237;16;12242;14;12242;4;12238;9;12249;8;12241;0
1;80500;INTARIAN_PEPPER_ROOT;12243;10;12241;5;12236;10;12240;14;12245;4;12249;15;12242;0
1;80600;INTARIAN_PEPPER_ROOT;12240;4;12237;7;12238;1;12243;9;12246;15;12242;17;12242;0
1;80700;INTARIAN_PEPPER_ROOT;12236;12;12235;19;12234;12;12243;19;12249;6;12248;9;12242;0
1;80800;INTARIAN_PEPPER_ROOT;12239;7;12238;3;12237;16;12242;2;12246;15;12250;5;12242;0
1;80900;INTARIAN_PEPPER_ROOT;12242;10;12241;7;12237;19;12245;7;12243;4;12253;8;12243;0
1;81000;INTARIAN_PEPPER_ROOT;12240;19;12242;9;12234;6;12246;14;12250;12;12251;14;12243;0
1;81100;INTARIAN_PEPPER_ROOT;12239;12;12242;8;12241;2;12243;18;12249;4;12255;11;12243;0
1;81200;INTARIAN_PEPPER_ROOT;12243;17;12240;18;12238;12;12246;11;12246;9;12248;16;12244;0
1;81300;INTARIAN_PEPPER_ROOT;12240;12;12239;16;12241;11;12252;2;12250;12;12248;3;12244;0
1;81400;INTARIAN_PEPPER_ROOT;12240;10;12238;19;12238;14;12252;12;12246;3;12251;19;12244;0
1;81500;INTARIAN_PEPPER_ROOT;12244;1;12242;5;12238;10;12244;10;12248;9;12255;2;12245;0
1;81600;INTARIAN_PEPPER_ROOT;12242;2;12236;2;12237;13;12244;15;12247;14;12255;13;12245;0
1;81700;INTARIAN_PEPPER_ROOT;12244;11;12241;18;12238;16;12244;11;12248;5;12245;1;12245;0
1;81800;INTARIAN_PEPPER_ROOT;12244;10;12250;3;12243;5;12250;18;12252;2;12251;8;12245;0
1;81900;INTARIAN_PEPPER_ROOT;12241;10;12237;13;12237;3;12247;3;12245;5;12255;8;12246;0
1;82000;INTARIAN_PEPPER_ROOT;12243;17;12242;17;12242;15;12249;12;12253;8;12255;10;12246;0
1;82100;INTARIAN_PEPPER_ROOT;12248;2;12243;2;12239;13;12254;15;12251;3;12254;9;12246;0
1;82200;INTARIAN_PEPPER_ROOT;12242;13;12245;12;12243;3;12249;8;12250;16;12253;2;12247;0
1;82300;INTARIAN_PEPPER_ROOT;12239;15;12240;19;12242;6;12251;10;12251;14;12244;18;12247;0
1;82400;INTARIAN_PEPPER_ROOT;12239;13;12245;19;12237;11;12251;14;12248;10;12259;11;12247;0
1;82500;INTARIAN_PEPPER_ROOT;12246;5;12242;6;12242;15;12248;9;12247;10;12256;18;12248;0
1;82600;INTARIAN_PEPPER_ROOT;12246;8;12240;5;12248;11;12253;8;12249;16;12251;4;12248;0
1;82700;INTARIAN_PEPPER_ROOT;12246;2;12247;5;12243;2;12247;12;12246;13;12253;8;12248;0
1;82800;INTARIAN_PEPPER_ROOT;12250;4;12246;12;12245;15;12254;16;12248;14;12255;5;12248;0
1;82900;INTARIAN_PEPPER_ROOT;12239;16;12242;18;12244;16;12249;3;12248;8;12256;19;12249;0
1;83000;INTARIAN_PEPPER_ROOT;12248;12;12243;18;12245;1;12250;17;12257;1;12251;10;12249;0
1;83100;INTARIAN_PEPPER_ROOT;12252;17;12243;7;12241;1;12248;4;12249;2;12252;4;12249;0
1;83200;INTARIAN_PEPPER_ROOT;12245;14;12241;10;12244;3;12249;2;12254;14;12258;10;12250;0
1;83300;INTARIAN_PEPPER_ROOT;12247;5;12248;14;12247;17;12251;4;12257;16;12254;5;12250;0
1;83400;INTARIAN_PEPPER_ROOT;12246;16;12248;13;12243;18;12245;2;12257;2;12251;12;12250;0
1;83500;INTARIAN_PEPPER_ROOT;12246;14;12246;1;12248;10;12252;19;12254;1;12255;10;12251;0
1;83600;INTARIAN_PEPPER_ROOT;12248;4;12247;17;12242;9;12251;6;12254;5;12257;15;12251;0
1;83700;INTARIAN_PEPPER_ROOT;12253;1;12247;18;12245;18;12255;15;12256;7;12252;8;12251;0
1;83800;INTARIAN_PEPPER_ROOT;12255;15;12248;13;12244;5;12254;4;12261;4;12262;5;12251;0
1;83900;INTARIAN_PEPPER_ROOT;12249;14;12244;8;12254;1;12252;11;12257;12;12262;11;12252;0
1;84000;INTARIAN_PEPPER_ROOT;12256;2;12249;16;12245;17;12253;9;12258;17;12261;8;12252;0
1;84100;INTARIAN_PEPPER_ROOT;12250;9;12244;4;12247;18;12253;13;12263;13;12258;1;12252;0
1;84200;INTARIAN_PEPPER_ROOT;12256;18;12251;5;12241;16;12259;19;12258;7;12255;7;12253;0
1;84300;INTARIAN_PEPPER_ROOT;12251;16;12246;19;12243;11;12253;13;12260;10;12256;13;12253;0
1;84400;INTARIAN_PEPPER_ROOT;12251;16;12245;7;12248;19;12253;14;12258;18;12263;14;12253;0
1;84500;INTARIAN_PEPPER_ROOT;12253;8;12250;15;12247;2;12253;5;12259;16;12258;6;12254;0
1;84600;INTARIAN_PEPPER_ROOT;12262;3;12250;8;12247;17;12252;3;12255;3;12260;14;12254;0
1;84700;INTARIAN_PEPPER_ROOT;12255;7;12250;16;12247;19;12257;2;12255;10;12259;6;12254;0
1;84800;INTARIAN_PEPPER_ROOT;12250;14;12247;16;12247;11;12257;6;12256;2;12260;1;12254;0
1;84900;INTARIAN_PEPPER_ROOT;12256;16;12252;10;12244;6;12261;11;12262;16;12261;18;12255;0
1;85000;INTARIAN_PEPPER_ROOT;12252;13;12252;8;12249;4;12260;2;12262;14;12260;1;12255;0
1;85100;INTARIAN_PEPPER_ROOT;12252;1;12254;14;12248;4;12264;5;12263;5;12260;17;12255;0
1;85200;INTARIAN_PEPPER_ROOT;12257;12;12253;4;12253;2;12258;12;12260;15;12261;3;12256;0
1;85300;INTARIAN_PEPPER_ROOT;12254;4;12250;6;12253;2;12257;17;12262;9;12261;8;12256;0
1;85400;INTARIAN_PEPPER_ROOT;12255;12;12248;1;12242;11;12254;19;12262;16;12259;12;12256;0
1;85500;INTARIAN_PEPPER_ROOT;12255;8;12248;10;12249;10;12261;5;12261;1;12259;8;12257;0
1;85600;INTARIAN_PEPPER_ROOT;12256;11;12254;13;12256;3;12259;2;12260;9;12262;5;12257;0
1;85700;INTARIAN_PEPPER_ROOT;12256;12;12255;8;12254;13;12261;11;12257;11;12260;16;12257;0
1;85800;INTARIAN_PEPPER_ROOT;12249;13;12250;15;12252;11;12256;18;12261;2;12263;9;12257;0
1;85900;INTARIAN_PEPPER_ROOT;12258;1;12255;9;12250;6;12261;8;12262;8;12261;14;12258;0
1;86000;INTARIAN_PEPPER_ROOT;12253;19;12253;4;12254;18;12261;18;12265;15;12258;1;12258;0
1;86100;INTARIAN_PEPPER_ROOT;12252;11;12256;1;12247;14;12260;15;12266;13;12268;3;12258;0
1;86200;INTARIAN_PEPPER_ROOT;12257;10;12258;17;12251;8;12259;18;12263;3;12263;10;12259;0
1;86300;INTARIAN_PEPPER_ROOT;12257;8;12248;16;12254;17;12265;19;12269;15;12258;8;12259;0
1;86400;INTARIAN_PEPPER_ROOT;12255;2;12258;9;12255;19;12267;3;12264;14;12267;17;12259;0
1;86500;INTARIAN_PEPPER_ROOT;12260;12;12257;5;12255;9;12259;8;12267;9;12265;10;12260;0
1;86600;INTARIAN_PEPPER_ROOT;12254;7;12254;12;12255;12;12264;1;12264;16;12266;17;12260;0
1;86700;INTARIAN_PEPPER_ROOT;12257;18;12254;9;12254;19;12253;1;12261;12;12266;9;12260;0
1;86800;INTARIAN_PEPPER_ROOT;12256;13;12256;7;12253;9;12264;10;12263;19;12269;12;12260;0
1;86900;INTARIAN_PEPPER_ROOT;12259;9;12255;13;12259;3;12257;13;12269;14;12268;2;12261;0
1;87000;INTARIAN_PEPPER_ROOT;12260;1;12254;5;12261;8;12261;17;12264;19;12263;7;12261;0
1;87100;INTARIAN_PEPPER_ROOT;12256;11;12255;1;12255;14;12259;3;12264;16;12263;12;12261;0
1;87200;INTARIAN_PEPPER_ROOT;12262;17;12255;4;12252;19;12263;1;12266;7;12263;6;12262;0
1;87300;INTARIAN_PEPPER_ROOT;12260;9;12262;7;12255;14;12267;2;12265;2;12266;13;12262;0
1;87400;INTARIAN_PEPPER_ROOT;12254;13;12258;16;12256;19;12258;18;12270;12;12269;11;12262;0
1;87500;INTARIAN_PEPPER_ROOT;12255;3;12266;6;12250;11;12264;13;12273;11;12266;15;12263;0
1;87600;INTARIAN_PEPPER_ROOT;12261;8;12260;19;12261;15;12263;10;12267;19;12267;14;12263;0
1;87700;INTARIAN_PEPPER_ROOT;12260;16;12261;3;12255;3;12270;2;12269;18;12267;12;12263;0
1;87800;INTARIAN_PEPPER_ROOT;12261;9;12256;19;12255;17;12266;8;12270;1;12267;2;12263;0
1;87900;INTARIAN_PEPPER_ROOT;12262;17;12259;16;12257;11;12262;3;12268;6;12272;1;12264;0
1;88000;INTARIAN_PEPPER_ROOT;12263;8;12260;2;12257;1;12265;1;12265;10;12269;12;12264;0
1;88100;INTARIAN_PEPPER_ROOT;12265;16;12258;11;12258;4;12271;9;12267;12;12273;5;12264;0
1;88200;INTARIAN_PEPPER_ROOT;12260;13;12260;13;12261;14;12269;10;12270;8;12269;13;12265;0
1;88300;INTARIAN_PEPPER_ROOT;12259;19;12262;9;12263;2;12264;9;12270;6;12271;11;12265;0
1;88400;INTARIAN_PEPPER_ROOT;12260;11;12262;19;12261;13;12266;17;12264;9;12270;5;12265;0
1;88500;INTARIAN_PEPPER_ROOT;12265;9;12258;3;12257;11;12267;18;12269;16;12273;8;12266;0
1;88600;INTARIAN_PEPPER_ROOT;12268;7;12263;11;12260;9;12266;3;12268;18;12273;8;12266;0
1;88700;INTARIAN_PEPPER_ROOT;12263;13;12264;10;12260;12;12263;6;12273;15;12272;12;12266;0
1;88800;INTARIAN_PEPPER_ROOT;12256;19;12260;12;12261;13;12266;10;12268;4;12280;5;12266;0
1;88900;INTARIAN_PEPPER_ROOT;12260;4;12261;6;12262;16;12273;8;12270;19;12277;2;12267;0
1;89000;INTARIAN_PEPPER_ROOT;12263;18;12264;10;12261;11;12268;9;12270;11;12271;7;12267;0
1;89100;INTARIAN_PEPPER_ROOT;12263;19;12255;3;12261;4;12269;14;12273;14;12277;6;12267;0
1;89200;INTARIAN_PEPPER_ROOT;12265;15;12264;3;12265;17;12270;4;12275;13;12278;10;12268;0
1;89300;INTARIAN_PEPPER_ROOT;12266;12;12269;11;12262;18;12277;16;12273;10;12270;5;12268;0
1;89400;INTARIAN_PEPPER_ROOT;12265;17;12256;14;12265;4;12270;6;12275;11;12268;7;12268;0
1;89500;INTARIAN_PEPPER_ROOT;12270;5;12267;13;12265;11;12274;7;12277;11;12276;12;12269;0
1;89600;INTARIAN_PEPPER_ROOT;12265;13;12267;19;12267;10;12269;5;12268;3;12275;4;12269;0
1;89700;INTARIAN_PEPPER_ROOT;12264;16;12261;2;12264;13;12270;12;12275;15;12267;3;12269;0
1;89800;INTARIAN_PEPPER_ROOT;12268;16;12267;9;12267;2;12271;14;12272;6;12275;19;12269;0
1;89900;INTARIAN_PEPPER_ROOT;12263;12;12269;2;12263;4;12270;12;12270;15;12276;7;12270;0
1;90000;INTARIAN_PEPPER_ROOT;12269;8;12262;7;12265;4;12271;10;12273;1;12274;10;12270;0
1;90100;INTARIAN_PEPPER_ROOT;12268;19;12264;15;12266;16;12275;6;12276;3;12281;17;12270;0
1;90200;INTARIAN_PEPPER_ROOT;12269;13;12267;12;12262;12;12271;14;12279;6;12276;11;12271;0
1;90300;INTARIAN_PEPPER_ROOT;12274;15;12270;4;12264;13;12273;3;12271;6;12276;14;12271;0
1;90400;INTARIAN_PEPPER_ROOT;12267;12;12265;2;12263;6;12275;6;12277;2;12277;9;12271;0
1;90500;INTARIAN_PEPPER_ROOT;12276;17;12268;3;12266;4;12272;13;12282;13;12274;9;12272;0
1;90600;INTARIAN_PEPPER_ROOT;12269;10;12266;9;12264;2;12277;14;12281;2;12275;11;12272;0
1;90700;INTARIAN_PEPPER_ROOT;12266;11;12268;19;12266;10;12274;6;12266;2;12269;10;12272;0
1;90800;INTARIAN_PEPPER_ROOT;12270;16;12271;8;12266;15;12274;7;12283;12;12279;1;12272;0
1;90900;INTARIAN_PEPPER_ROOT;12268;10;12269;4;12266;8;12269;7;12280;13;12282;1;12273;0
1;91000;INTARIAN_PEPPER_ROOT;12269;5;12268;6;12267;19;12274;17;12270;13;12280;1;12273;0
1;91100;INTARIAN_PEPPER_ROOT;12272;15;12269;14;12265;19;12276;11;12275;17;12280;16;12273;0
1;91200;INTARIAN_PEPPER_ROOT;12274;8;12268;6;12265;2;12281;3;12282;15;12280;14;12274;0
1;91300;INTARIAN_PEPPER_ROOT;12270;2;12267;16;12264;19;12278;4;12279;7;12284;7;12274;0
1;91400;INTARIAN_PEPPER_ROOT;12275;8;12274;1;12263;15;12279;2;12276;13;12279;17;12274;0
1;91500;INTARIAN_PEPPER_ROOT;12276;2;12276;7;12267;12;12273;5;12279;5;12284;5;12275;0
1;91600;INTARIAN_PEPPER_ROOT;12277;17;12266;5;12271;4;12277;5;12281;16;12283;11;12275;0
1;91700;INTARIAN_PEPPER_ROOT;12275;19;12273;9;12268;8;12281;9;12277;17;12277;7;12275;0
1;91800;INTARIAN_PEPPER_ROOT;12277;6;12274;8;12269;16;12274;15;12279;11;12283;14;12275;0
1;91900;INTARIAN_PEPPER_ROOT;12268;18;12268;11;12269;10;12281;17;12283;10;12279;4;12276;0
1;92000;INTARIAN_PEPPER_ROOT;12273;14;12271;7;12276;18;12280;11;12278;12;12280;6;12276;0
1;92100;INTARIAN_PEPPER_ROOT;12271;19;12270;4;12270;6;12279;15;12276;16;12281;16;12276;0
1;92200;INTARIAN_PEPPER_ROOT;12275;4;12279;13;12269;6;12278;13;12279;18;12287;1;12277;0
1;92300;INTARIAN_PEPPER_ROOT;12273;2;12278;6;12268;15;12276;7;12278;2;12281;2;12277;0
1;92400;INTARIAN_PEPPER_ROOT;12275;18;12270;17;12276;3;12284;12;12279;12;12284;6;12277;0
1;92500;INTARIAN_PEPPER_ROOT;12282;6;12270;19;12268;10;12282;6;12277;5;12279;10;12278;0
1;92600;INTARIAN_PEPPER_ROOT;12275;12;12276;5;12270;7;12281;6;12283;2;12283;11;12278;0
1;92700;INTARIAN_PEPPER_ROOT;12277;18;12276;6;12270;11;12279;19;12285;1;12282;13;12278;0
1;92800;INTARIAN_PEPPER_ROOT;12275;7;12278;19;12272;4;12280;18;12280;2;12288;14;12278;0
1;92900;INTARIAN_PEPPER_ROOT;12277;2;12272;16;12274;1;12281;13;12281;9;12283;1;12279;0
1;93000;INTARIAN_PEPPER_ROOT;12277;16;12277;9;12273;15;12282;12;12282;17;12280;10;12279;0
1;93100;INTARIAN_PEPPER_ROOT;12278;9;12273;11;12272;2;12283;14;12280;17;12284;10;12279;0
1;93200;INTARIAN_PEPPER_ROOT;12281;1;12278;5;12270;8;12280;15;12287;15;12284;17;12280;0
1;93300;INTARIAN_PEPPER_ROOT;12283;7;12276;13;12280;5;12278;2;12281;13;12287;8;12280;0
1;93400;INTARIAN_PEPPER_ROOT;12279;11;12282;18;12275;14;12282;7;12282;12;12290;16;12280;0
1;93500;INTARIAN_PEPPER_ROOT;12281;17;12278;9;12277;9;12278;2;12283;1;12286;14;12281;0
1;93600;INTARIAN_PEPPER_ROOT;12276;5;12276;9;12273;19;12282;11;12288;16;12288;9;12281;0
1;93700;INTARIAN_PEPPER_ROOT;12279;10;12277;12;12274;9;12281;6;12284;1;12287;17;12281;0
1;93800;INTARIAN_PEPPER_ROOT;12282;4;12277;16;12279;6;12284;7;12291;15;12288;2;12281;0
1;93900;INTARIAN_PEPPER_ROOT;12283;6;12275;11;12269;17;12290;16;12287;14;12285;1;12282;0
1;94000;INTARIAN_PEPPER_ROOT;12281;6;12284;9;12278;16;12278;4;12289;6;12288;13;12282;0
1;94100;INTARIAN_PEPPER_ROOT;12283;10;12283;10;12275;15;12291;18;12285;2;12291;6;12282;0
1;94200;INTARIAN_PEPPER_ROOT;12282;13;12278;1;12278;9;12284;8;12284;17;12287;6;12283;0
1;94300;INTARIAN_PEPPER_ROOT;12285;3;12281;16;12282;13;12286;4;12287;5;12288;13;12283;0
1;94400;INTARIAN_PEPPER_ROOT;12282;2;12285;7;12276;6;12281;3;12285;11;12289;11;12283;0
1;94500;INTARIAN_PEPPER_ROOT;12281;14;12284;17;12270;1;12289;14;12282;14;12285;19;12284;0
1;94600;INTARIAN_PEPPER_ROOT;12283;6;12279;8;12275;2;12286;18;12291;9;12292;8;12284;0
1;94700;INTARIAN_PEPPER_ROOT;12273;12;12280;5;12278;11;12286;17;12288;5;12288;19;12284;0
1;94800;INTARIAN_PEPPER_ROOT;12283;2;12275;17;12283;5;12280;4;12286;10;12290;18;12284;0
1;94900;INTARIAN_PEPPER_ROOT;12272;12;12283;3;12278;19;12287;17;12290;10;12293;19;12285;0
1;95000;INTARIAN_PEPPER_ROOT;12278;18;12285;15;12284;2;12290;5;12289;9;12293;12;12285;0
1;95100;INTARIAN_PEPPER_ROOT;12284;9;12285;16;12272;10;12286;9;12293;8;12287;17;12285;0
1;95200;INTARIAN_PEPPER_ROOT;12285;11;12284;5;12278;11;12292;1;12291;2;12293;1;12286;0
1;95300;INTARIAN_PEPPER_ROOT;12281;6;12283;5;12283;11;12291;5;12290;7;12295;3;12286;0
1;95400;INTARIAN_PEPPER_ROOT;12282;6;12279;7;12283;10;12286;7;12292;7;12290;4;12286;0
1;95500;INTARIAN_PEPPER_ROOT;12289;2;12284;17;12275;1;12294;19;12291;5;12295;16;12287;0
1;95600;INTARIAN_PEPPER_ROOT;12284;10;12281;7;12278;13;12289;6;12292;3;12294;19;12287;0
1;95700;INTARIAN_PEPPER_ROOT;12292;18;12285;2;12281;5;12289;6;12295;8;12294;4;12287;0
1;95800;INTARIAN_PEPPER_ROOT;12285;3;12281;8;12279;5;12289;6;12287;18;12295;4;12287;0
1;95900;INTARIAN_PEPPER_ROOT;12287;8;12286;2;12286;12;12290;5;12289;4;12291;10;12288;0
1;96000;INTARIAN_PEPPER_ROOT;12291;16;12288;11;12282;15;12282;11;12291;14;12291;7;12288;0
1;96100;INTARIAN_PEPPER_ROOT;12286;10;12285;4;12278;17;12289;4;12291;19;12297;11;12288;0
1;96200;INTARIAN_PEPPER_ROOT;12284;15;12286;6;12284;17;12287;6;12296;19;12294;19;12289;0
1;96300;INTARIAN_PEPPER_ROOT;12287;8;12288;1;12285;15;12296;11;12289;7;12291;12;12289;0
1;96400;INTARIAN_PEPPER_ROOT;12287;12;12290;1;12280;9;12296;15;12293;3;12294;17;12289;0
1;96500;INTARIAN_PEPPER_ROOT;12284;19;12286;15;12281;16;12295;3;12292;14;12296;3;12290;0
1;96600;INTARIAN_PEPPER_ROOT;12287;12;12288;18;12282;18;12291;7;12299;6;12297;5;12290;0
1;96700;INTARIAN_PEPPER_ROOT;12286;16;12291;8;12288;16;12289;11;12297;6;12295;15;12290;0
1;96800;INTARIAN_PEPPER_ROOT;12291;14;12288;1;12284;1;12290;18;12295;14;12301;4;12290;0
1;96900;INTARIAN_PEPPER_ROOT;12289;2;12281;18;12278;12;12299;18;12298;5;12294;2;12291;0
1;97000;INTARIAN_PEPPER_ROOT;12288;4;12285;8;12281;18;12291;17;12291;10;12291;12;12291;0
1;97100;INTARIAN_PEPPER_ROOT;12289;12;12289;7;12287;11;12286;10;12301;10;12293;19;12291;0
1;97200;INTARIAN_PEPPER_ROOT;12291;7;12287;16;12285;2;12297;2;12293;17;12296;15;12292;0
1;97300;INTARIAN_PEPPER_ROOT;12292;10;12292;14;12282;7;12299;19;12300;14;12299;10;12292;0
1;97400;INTARIAN_PEPPER_ROOT;12287;10;12294;15;12285;14;12299;12;12298;7;12297;13;12292;0
1;97500;INTARIAN_PEPPER_ROOT;12288;16;12287;13;12290;16;12298;18;12298;1;12300;7;12293;0
1;97600;INTARIAN_PEPPER_ROOT;12294;19;12286;1;12294;12;12299;18;12301;5;12297;10;12293;0
1;97700;INTARIAN_PEPPER_ROOT;12290;19;12288;7;12287;9;12295;16;12300;4;12300;4;12293;0
1;97800;INTARIAN_PEPPER_ROOT;12287;2;12288;13;12288;10;12289;8;12297;15;12294;12;12293;0
1;97900;INTARIAN_PEPPER_ROOT;12293;15;12295;17;12288;11;12296;12;12297;15;12300;18;12294;0
1;98000;INTARIAN_PEPPER_ROOT;12293;14;12287;13;12289;19;12298;14;12298;1;12302;6;12294;0
1;98100;INTARIAN_PEPPER_ROOT;12287;17;12292;8;12285;19;12296;17;12298;7;12297;14;12294;0
1;98200;INTARIAN_PEPPER_ROOT;12294;9;12295;17;12293;9;12296;5;12300;3;12306;7;12295;0
1;98300;INTARIAN_PEPPER_ROOT;12295;10;12293;11;12288;6;12294;11;12302;17;12295;11;12295;0
1;98400;INTARIAN_PEPPER_ROOT;12294;9;12292;3;12286;5;12294;12;12300;14;12303;9;12295;0
1;98500;INTARIAN_PEPPER_ROOT;12296;8;12292;8;12288;9;12304;4;12301;3;12304;14;12296;0
1;98600;INTARIAN_PEPPER_ROOT;12290;5;12298;17;12292;4;12304;8;12298;14;12299;2;12296;0
1;98700;INTARIAN_PEPPER_ROOT;12295;13;12291;9;12288;2;12298;18;12301;16;12303;17;12296;0
1;98800;INTARIAN_PEPPER_ROOT;12293;1;12295;11;12295;7;12299;1;12295;2;12299;4;12296;0
1;98900;INTARIAN_PEPPER_ROOT;12294;15;12293;2;12293;7;12296;10;12299;12;12304;9;12297;0
1;99000;INTARIAN_PEPPER_ROOT;12298;16;12287;13;12294;15;12301;12;12303;11;12302;8;12297;0
1;99100;INTARIAN_PEPPER_ROOT;12299;5;12292;6;12290;18;12304;18;12304;4;12303;19;12297;0
1;99200;INTARIAN_PEPPER_ROOT;12301;5;12294;2;12290;7;12295;6;12302;18;12302;10;12298;0
1;99300;INTARIAN_PEPPER_ROOT;12300;10;12294;19;12292;6;12301;8;12303;1;12302;5;12298;0
1;99400;INTARIAN_PEPPER_ROOT;12296;17;12292;8;12288;8;12302;2;12303;10;12302;16;12298;0
1;99500;INTARIAN_PEPPER_ROOT;12298;3;12297;16;12294;16;12303;7;12305;17;12307;15;12299;0
1;99600;INTARIAN_PEPPER_ROOT;12299;9;12297;14;12296;7;12306;19;12302;6;12310;17;12299;0
1;99700;INTARIAN_PEPPER_ROOT;12297;5;12294;17;12291;11;12307;15;12300;6;12312;13;12299;0
1;99800;INTARIAN_PEPPER_ROOT;12297;17;12294;9;12295;9;12300;9;12304;14;12308;9;12299;0
1;99900;INTARIAN_PEPPER_ROOT;12300;17;12293;14;12295;11;12304;13;12310;5;12306;19;12300;0
1;100000;INTARIAN_PEPPER_ROOT;12298;2;12297;18;12297;10;12302;19;12301;10;12309;15;12300;0
1;100100;INTARIAN_PEPPER_ROOT;12296;3;12300;13;12299;19;12300;9;12304;4;12307;17;12300;0
1;100200;INTARIAN_PEPPER_ROOT;12298;3;12301;13;12297;3;12304;6;12304;2;12306;19;12301;0
1;100300;INTARIAN_PEPPER_ROOT;12301;16;12295;18;12295;9;12305;17;12312;7;12313;19;12301;0
1;100400;INTARIAN_PEPPER_ROOT;12299;18;12303;7;12299;13;12304;17;12302;3;12310;3;12301;0
1;100500;INTARIAN_PEPPER_ROOT;12301;8;12297;11;12296;6;12301;10;12306;10;12306;14;12302;0
1;100600;INTARIAN_PEPPER_ROOT;12302;3;12295;14;12295;10;12303;1;12305;10;12311;17;12302;0
1;100700;INTARIAN_PEPPER_ROOT;12299;13;12294;18;12294;13;12303;1;12302;10;12310;11;12302;0
1;100800;INTARIAN_PEPPER_ROOT;12302;17;12295;16;12296;16;12301;3;12302;19;12305;19;12302;0
1;100900;INTARIAN_PEPPER_ROOT;12302;18;12300;8;12300;10;12306;14;12309;17;12309;9;12303;0
1;101000;INTARIAN_PEPPER_ROOT;12297;9;12298;15;12294;14;12306;4;12309;9;12309;18;12303;0
1;101100;INTARIAN_PEPPER_ROOT;12305;15;12297;12;12293;10;12308;2;12305;4;12301;9;12303;0
1;101200;INTARIAN_PEPPER_ROOT;12300;19;12297;9;12294;9;12303;13;12312;4;12306;12;12304;0
1;101300;INTARIAN_PEPPER_ROOT;12297;16;12297;9;12301;17;12304;10;12301;15;12313;14;12304;0
1;101400;INTARIAN_PEPPER_ROOT;12299;10;12297;15;12299;8;12311;11;12304;17;12308;19;12304;0
1;101500;INTARIAN_PEPPER_ROOT;12300;5;12304;1;12303;15;12307;4;12307;18;12313;3;12305;0
1;101600;INTARIAN_PEPPER_ROOT;12303;8;12306;19;12297;5;12307;5;12309;18;12315;19;12305;0
1;101700;INTARIAN_PEPPER_ROOT;12302;7;12307;4;12295;8;12306;5;12308;1;12305;6;12305;0
1;101800;INTARIAN_PEPPER_ROOT;12302;19;12303;14;12304;4;12310;13;12308;16;12316;11;12305;0
1;101900;INTARIAN_PEPPER_ROOT;12306;14;12301;18;12298;4;12312;19;12311;15;12311;9;12306;0
1;102000;INTARIAN_PEPPER_ROOT;12305;17;12300;4;12302;7;12311;18;12314;4;12313;1;12306;0
1;102100;INTARIAN_PEPPER_ROOT;12305;15;12304;12;12296;2;12308;3;12312;6;12318;17;12306;0
1;102200;INTARIAN_PEPPER_ROOT;12306;10;12302;11;12302;12;12306;13;12311;19;12316;4;12307;0
1;102300;INTARIAN_PEPPER_ROOT;12307;16;12304;1;12301;5;12315;15;12311;9;12312;1;12307;0
1;102400;INTARIAN_PEPPER_ROOT;12299;13;12309;13;12297;13;12312;1;12314;14;12311;5;12307;0
1;102500;INTARIAN_PEPPER_ROOT;12305;15;12305;19;12308;19;12309;13;12318;2;12313;4;12308;0
1;102600;INTARIAN_PEPPER_ROOT;12299;6;12311;17;12299;18;12314;9;12314;13;12312;11;12308;0
1;102700;INTARIAN_PEPPER_ROOT;12306;5;12301;18;12299;3;12308;4;12311;6;12318;17;12308;0
1;102800;INTARIAN_PEPPER_ROOT;12306;4;12305;10;12300;12;12314;16;12313;15;12316;6;12308;0
1;102900;INTARIAN_PEPPER_ROOT;12310;6;12306;14;12296;19;12315;18;12315;3;12316;10;12309;0
1;103000;INTARIAN_PEPPER_ROOT;12311;19;12302;5;12302;14;12308;12;12311;19;12314;7;12309;0
1;103100;INTARIAN_PEPPER_ROOT;12308;18;12307;6;12301;13;12313;4;12316;5;12317;8;12309;0
1;103200;INTARIAN_PEPPER_ROOT;12306;3;12311;18;12307;16;12314;9;12315;8;12310;5;12310;0
1;103300;INTARIAN_PEPPER_ROOT;12309;11;12313;6;12305;10;12320;10;12317;1;12322;1;12310;0
1;103400;INTARIAN_PEPPER_ROOT;12306;18;12307;14;12300;14;12310;18;12311;2;12315;4;12310;0
1;103500;INTARIAN_PEPPER_ROOT;12309;15;12301;17;12303;17;12317;16;12310;18;12314;12;12311;0
1;103600;INTARIAN_PEPPER_ROOT;12312;12;12308;12;12311;12;12313;13;12314;14;12320;7;12311;0
1;103700;INTARIAN_PEPPER_ROOT;12307;12;12309;2;12302;6;12309;15;12315;18;12320;13;12311;0
1;103800;INTARIAN_PEPPER_ROOT;12311;7;12306;19;12307;15;12313;14;12310;17;12317;7;12311;0
1;103900;INTARIAN_PEPPER_ROOT;12312;18;12309;5;12304;2;12314;7;12314;13;12322;3;12312;0
1;104000;INTARIAN_PEPPER_ROOT;12307;2;12307;19;12303;13;12311;3;12320;13;12321;8;12312;0
1;104100;INTARIAN_PEPPER_ROOT;12313;17;12308;4;12304;4;12315;16;12318;7;12319;13;12312;0
1;104200;INTARIAN_PEPPER_ROOT;12313;17;12312;7;12311;1;12318;11;12317;14;12314;5;12313;0
1;104300;INTARIAN_PEPPER_ROOT;12311;5;12313;14;12303;16;12316;19;12314;18;12319;19;12313;0
1;104400;INTARIAN_PEPPER_ROOT;12309;10;12305;2;12309;16;12313;13;12321;5;12319;16;12313;0
1;104500;INTARIAN_PEPPER_ROOT;12309;17;12308;8;12312;12;12316;10;12317;19;12319;11;12314;0
1;104600;INTARIAN_PEPPER_ROOT;12310;10;12305;18;12306;1;12316;13;12318;10;12319;18;12314;0
1;104700;INTARIAN_PEPPER_ROOT;12314;6;12316;18;12311;9;12317;13;12319;16;12322;5;12314;0
1;104800;INTARIAN_PEPPER_ROOT;12309;2;12313;11;12311;9;12319;19;12319;7;12316;17;12314;0
1;104900;INTARIAN_PEPPER_ROOT;12314;9;12305;16;12307;15;12318;7;12323;13;12325;15;12315;0
1;105000;INTARIAN_PEPPER_ROOT;12309;6;12311;16;12306;17;12313;8;12321;11;12321;15;12315;0
1;105100;INTARIAN_PEPPER_ROOT;12312;17;12310;19;12309;10;12315;7;12320;7;12318;3;12315;0
1;105200;INTARIAN_PEPPER_ROOT;12314;17;12310;9;12310;14;12318;3;12320;1;12321;14;12316;0
1;105300;INTARIAN_PEPPER_ROOT;12321;7;12315;6;12309;9;12321;9;12321;17;12323;4;12316;0
1;105400;INTARIAN_PEPPER_ROOT;12310;4;12315;17;12312;18;12322;9;12319;14;12326;14;12316;0
1;105500;INTARIAN_PEPPER_ROOT;12319;6;12314;10;12309;18;12324;4;12322;10;12325;15;12317;0
1;105600;INTARIAN_PEPPER_ROOT;12315;8;12311;12;12308;14;12319;16;12320;11;12327;7;12317;0
1;105700;INTARIAN_PEPPER_ROOT;12316;13;12311;13;12311;11;12321;14;12320;13;12323;17;12317;0
1;105800;INTARIAN_PEPPER_ROOT;12315;3;12313;16;12312;10;12315;5;12318;1;12322;2;12317;0
1;105900;INTARIAN_PEPPER_ROOT;12317;19;12313;19;12316;13;12321;4;12321;4;12330;6;12318;0
1;106000;INTARIAN_PEPPER_ROOT;12316;14;12314;8;12313;7;12317;12;12321;19;12324;14;12318;0
1;106100;INTARIAN_PEPPER_ROOT;12320;3;12316;7;12314;13;12320;1;12327;1;12322;11;12318;0
1;106200;INTARIAN_PEPPER_ROOT;12316;6;12310;17;12312;1;12330;3;12326;3;12323;16;12319;0
1;106300;INTARIAN_PEPPER_ROOT;12320;14;12313;7;12312;6;12322;9;12323;19;12326;11;12319;0
1;106400;INTARIAN_PEPPER_ROOT;12315;10;12315;13;12311;14;12318;19;12322;15;12322;13;12319;0
1;106500;INTARIAN_PEPPER_ROOT;12318;11;12321;12;12315;19;12323;2;12326;12;12327;15;12320;0
1;106600;INTARIAN_PEPPER_ROOT;12315;1;12319;9;12314;4;12320;11;12330;18;12326;18;12320;0
1;106700;INTARIAN_PEPPER_ROOT;12319;8;12316;13;12314;1;12319;11;12326;14;12328;4;12320;0
1;106800;INTARIAN_PEPPER_ROOT;12322;12;12317;14;12313;7;12328;5;12319;2;12321;14;12320;0
1;106900;INTARIAN_PEPPER_ROOT;12319;15;12317;4;12315;7;12326;10;12328;1;12321;2;12321;0
1;107000;INTARIAN_PEPPER_ROOT;12318;9;12320;4;12320;19;12324;13;12328;17;12326;8;12321;0
1;107100;INTARIAN_PEPPER_ROOT;12316;11;12318;9;12316;7;12322;3;12332;9;12327;14;12321;0
1;107200;INTARIAN_PEPPER_ROOT;12319;5;12322;17;12318;18;12323;19;12325;7;12325;13;12322;0
1;107300;INTARIAN_PEPPER_ROOT;12315;16;12314;8;12317;19;12329;5;12326;6;12324;19;12322;0
1;107400;INTARIAN_PEPPER_ROOT;12317;14;12316;9;12315;1;12325;8;12327;16;12329;14;12322;0
1;107500;INTARIAN_PEPPER_ROOT;12322;15;12320;9;12319;12;12316;1;12325;16;12328;19;12323;0
1;107600;INTARIAN_PEPPER_ROOT;12325;13;12320;16;12317;6;12332;12;12324;12;12331;15;12323;0
1;107700;INTARIAN_PEPPER_ROOT;12329;19;12326;3;12313;8;12326;12;12328;10;12325;16;12323;0
1;107800;INTARIAN_PEPPER_ROOT;12319;17;12314;12;12315;9;12326;3;12322;12;12329;18;12323;0
1;107900;INTARIAN_PEPPER_ROOT;12326;16;12320;13;12324;7;12329;6;12324;8;12335;18;12324;0
1;108000;INTARIAN_PEPPER_ROOT;12323;7;12320;4;12322;4;12327;15;12330;7;12329;2;12324;0
1;108100;INTARIAN_PEPPER_ROOT;12322;2;12321;4;12317;2;12328;14;12329;3;12328;5;12324;0
1;108200;INTARIAN_PEPPER_ROOT;12324;1;12326;14;12321;3;12326;6;12333;9;12334;9;12325;0
1;108300;INTARIAN_PEPPER_ROOT;12323;15;12324;1;12320;1;12323;12;12330;8;12335;1;12325;0
1;108400;INTARIAN_PEPPER_ROOT;12323;18;12316;5;12324;8;12328;15;12329;6;12329;17;12325;0
1;108500;INTARIAN_PEPPER_ROOT;12323;13;12327;10;12320;3;12332;8;12334;7;12330;4;12326;0
1;108600;INTARIAN_PEPPER_ROOT;12320;14;12327;1;12321;4;12326;4;12329;14;12335;3;12326;0
1;108700;INTARIAN_PEPPER_ROOT;12319;2;12323;1;12318;9;12326;1;12329;15;12333;12;12326;0
1;108800;INTARIAN_PEPPER_ROOT;12326;11;12317;12;12320;12;12332;19;12330;16;12333;9;12326;0
1;108900;INTARIAN_PEPPER_ROOT;12324;12;12323;13;12313;6;12328;7;12332;17;12334;11;12327;0
1;109000;INTARIAN_PEPPER_ROOT;12323;3;12324;19;12322;10;12328;16;12331;19;12333;2;12327;0
1;109100;INTARIAN_PEPPER_ROOT;12325;15;12326;12;12324;19;12328;7;12327;8;12336;19;12327;0
1;109200;INTARIAN_PEPPER_ROOT;12328;7;12319;3;12327;17;12330;14;12331;17;12338;13;12328;0
1;109300;INTARIAN_PEPPER_ROOT;12327;4;12322;11;12323;6;12325;7;12332;8;12331;2;12328;0
1;109400;INTARIAN_PEPPER_ROOT;12324;14;12327;1;12321;14;12328;12;12332;16;12337;16;12328;0
1;109500;INTARIAN_PEPPER_ROOT;12331;9;12330;2;12321;16;12332;19;12332;19;12335;5;12329;0
1;109600;INTARIAN_PEPPER_ROOT;12332;11;12326;5;12322;11;12332;15;12335;15;12331;1;12329;0
1;109700;INTARIAN_PEPPER_ROOT;12328;11;12328;3;12318;17;12334;4;12328;8;12332;1;12329;0
1;109800;INTARIAN_PEPPER_ROOT;12330;12;12326;19;12322;7;12337;10;12334;8;12334;1;12329;0
1;109900;INTARIAN_PEPPER_ROOT;12332;8;12329;13;12320;5;12337;6;12339;12;12339;5;12330;0
1;110000;INTARIAN_PEPPER_ROOT;12331;16;12326;12;12322;9;12335;5;12332;19;12333;6;12330;0
1;110100;INTARIAN_PEPPER_ROOT;12330;17;12327;1;12323;5;12332;16;12334;3;12331;8;12330;0
1;110200;INTARIAN_PEPPER_ROOT;12331;10;12323;3;12326;12;12331;19;12334;5;12336;16;12331;0
1;110300;INTARIAN_PEPPER_ROOT;12331;4;12329;3;12320;14;12333;18;12334;9;12336;8;12331;0
1;110400;INTARIAN_PEPPER_ROOT;12326;6;12323;12;12324;17;12335;16;12332;16;12340;17;12331;0
1;110500;INTARIAN_PEPPER_ROOT;12332;15;12330;15;12328;19;12336;9;12342;5;12339;1;12332;0
1;110600;INTARIAN_PEPPER_ROOT;12326;5;12327;12;12330;10;12336;10;12337;9;12340;19;12332;0
1;110700;INTARIAN_PEPPER_ROOT;12328;15;12329;4;12326;11;12334;11;12334;5;12337;11;12332;0
1;110800;INTARIAN_PEPPER_ROOT;12334;13;12325;5;12333;1;12336;14;12334;14;12334;11;12332;0
1;110900;INTARIAN_PEPPER_ROOT;12334;9;12327;10;12329;8;12339;2;12337;5;12343;6;12333;0
1;111000;INTARIAN_PEPPER_ROOT;12335;3;12330;9;12327;6;12338;16;12330;2;12337;16;12333;0
1;111100;INTARIAN_PEPPER_ROOT;12330;11;12331;2;12331;1;12335;16;12340;10;12341;2;12333;0
1;111200;INTARIAN_PEPPER_ROOT;12329;14;12333;9;12326;1;12333;19;12336;1;12339;12;12334;0
1;111300;INTARIAN_PEPPER_ROOT;12331;3;12327;5;12325;16;12333;12;12339;6;12342;8;12334;0
1;111400;INTARIAN_PEPPER_ROOT;12332;16;12325;4;12331;3;12334;9;12339;19;12341;10;12334;0
1;111500;INTARIAN_PEPPER_ROOT;12333;4;12328;17;12331;5;12338;10;12342;16;12341;18;12335;0
1;111600;INTARIAN_PEPPER_ROOT;12336;8;12328;3;12332;12;12339;12;12340;12;12342;13;12335;0
1;111700;INTARIAN_PEPPER_ROOT;12332;11;12336;15;12332;4;12333;6;12341;9;12340;18;12335;0
1;111800;INTARIAN_PEPPER_ROOT;12334;15;12335;1;12335;11;12335;15;12342;16;12336;3;12335;0
1;111900;INTARIAN_PEPPER_ROOT;12331;5;12329;4;12326;5;12339;9;12339;2;12343;4;12336;0
1;112000;INTARIAN_PEPPER_ROOT;12335;7;12337;17;12329;7;12335;6;12346;9;12345;10;12336;0
1;112100;INTARIAN_PEPPER_ROOT;12334;16;12336;5;12329;13;12339;14;12341;9;12342;4;12336;0
1;112200;INTARIAN_PEPPER_ROOT;12333;7;12328;2;12335;16;12338;7;12341;1;12342;18;12337;0
1;112300;INTARIAN_PEPPER_ROOT;12334;12;12330;10;12332;8;12337;2;12338;2;12344;13;12337;0
1;112400;INTARIAN_PEPPER_ROOT;12334;8;12328;5;12335;12;12339;10;12340;9;12346;12;12337;0
1;112500;INTARIAN_PEPPER_ROOT;12335;2;12334;13;12333;16;12341;10;12343;3;12343;17;12338;0
1;112600;INTARIAN_PEPPER_ROOT;12341;10;12334;11;12332;16;12337;6;12342;19;12340;7;12338;0
1;112700;INTARIAN_PEPPER_ROOT;12336;7;12334;12;12334;2;12339;1;12347;3;12344;11;12338;0
1;112800;INTARIAN_PEPPER_ROOT;12335;6;12328;1;12333;1;12341;10;12341;1;12345;12;12338;0
1;112900;INTARIAN_PEPPER_ROOT;12331;17;12331;6;12334;14;12339;15;12345;16;12346;12;12339;0
1;113000;INTARIAN_PEPPER_ROOT;12334;15;12336;1;12335;10;12336;16;12340;8;12344;10;12339;0
